2042 2992
40 186 53 209 R

165 133 199 187 52
444 93 676 191 esurus
738 214 744 221 ,

170 278 231 312 cum
245 263 371 328 graviter,
397 271 455 311 turn
466 259 498 309 alr
517 261 646 328 exemplis
666 262 787 328 copiose,
807 272 867 312 turn
879 263 955 327 varie,

170 339 228 380 t'um
243 318 322 380 etiam
337 328 448 378 ridicule
462 341 489 378 et
501 330 583 381 facete
595 331 744 395 explicans,
774 347 830 378 eam
846 330 957 380 admira·

171 399 272 447 tionem
290 399 516 461 assensionemque
528 396 687 457 commorit,
716 398 854 447 dixissent
869 412 957 448 contra

171 483 251 514 nemo
262 464 402 515 videretur.
436 463 494 514 Hoc
504 478 560 514 erat
574 467 685 515 oratoris
699 466 815 514 officium
821 468 957 532 partitione

171 534 289 595 tertium,
308 536 402 597 genere
414 535 569 585 maximnm.
606 533 656 582 Hic
669 535 715 581 ille
723 533 758 582 de
764 535 863 600 populo
871 534 960 596 index,

172 603 218 666 qui
235 602 376 666 separatim
388 602 502 651 alterum
513 600 658 651 admiratus
672 614 746 662 esset,
765 600 846 663 idem,
867 603 957 652 audito

172 669 274 729 altero,
292 667 423 735 iudiqium
441 686 518 718 suum
537 679 724 721 contemneret.
740 670 853 718 atvero
863 671 959 719 intelli·

170 753 236 802 gens
255 746 282 784 et
309 734 420 796 doctus,
453 737 560 787 audiens
582 737 748 796 Scaevolam,
774 738 884 785 sentiret
906 754 959 787 esse
1004 752 1005 755 ’

166 802 308 870 ¹quoddam
317 805 423 854 uberius
436 803 543 853 dicendi
553 822 634 868 genus
645 817 672 854 et
680 805 806 853 ornatius.
838 802 881 853 Ah
890 819 960 854 utro·

172 888 225 938 qne
239 882 334 933 antem,
353 890 430 923 cauea
448 884 573 938 perorata,
592 873 614 920 si
627 884 802 937 quaerentur,
819 884 878 921 uter
889 891 961 938 prae·

171 949 251 990 staret
262 952 364 1001 orator,
381 957 529 1003 numquam
538 939 654 1006 prolecto
668 941 791 1005 sapientis
805 939 936 992 iudicium
945 949 966 990 a·

163 1006 271 1071 ¹iudicio
285 1009 358 1072 vulgi
372 1004 542 1073 discreparet.
924 1028 927 1032 ’

184 1088 189 1103 ²
240 1075 309 1125 LIV.
344 1074 397 1138 Qui
416 1086 530 1141 praestat
545 1076 626 1139 igitur
646 1075 796 1141 intelligens
817 1073 962 1143 imperito?

172 1155 307 1206 magnate
322 1151 348 1191 et
368 1141 491 1192 difficilis
517 1144 540 1192 si
559 1142 665 1208 quidem
677 1159 804 1209 magnum
827 1155 866 1203 est
887 1145 961 1206 scire,

156 1209 270 1275 'q‘uibus
286 1208 365 1260 rebus
382 1211 523 1271 efficiatur,
564 1213 729 1260 amittaturve
754 1210 868 1260 dicendo
894 1211 963 1261 illud

173 1276 305 1342 quidquid
319 1289 372 1340 eat,
395 1280 469 1342 'quod
489 1291 533 1328 aut
556 1272 754 1328 efficidicendo
773 1278 906 1344 oportet,'
921 1289 965 1329 aut

119 1380 122 1383 x
154 1352 155 1357 ’
173 1346 260 1395 amitti
272 1363 327 1398 non
342 1359 455 1412 oportet.
490 1346 608 1396 Praestat
623 1347 704 1397 etiarn
718 1347 766 1395 illo
782 1345 876 1396 doctus
889 1346 967 1396 audi·

172 1424 215 1464 tor
226 1413 348 1475 insieme,
368 1412 439 1480 quod
454 1400 537 1482 saepe,
561 1426 749 1464 coniuratores
766 1412 828 1473 duo,
846 1427 892 1464 ant
906 1417 966 1481 plan

148 1486 214 1532 'res
227 1484 326 1551 'populi
349 1482 447 1539 iudicio
472 1483 634 1551 probantur,
666 1482 737 1547 quod
758 1479 866 1530 dicendi
882 1499 982 1547 genas

172 1552 364 1616 optinuerunt,
382 1552 515 1614 intelligit.
535 1549 689 1611 Namillud,
709 1548 781 1615 quod
794 1552 895 1616 populo
911 1568 967 1600 non

172 1617 316 1684 probatur,
340 1634 373 1665 ue
390 1617 547 1681 intelligenti
565 1615 674 1682 quidem
688 1617 787 1667 oratori
799 1617 908 1682 probari
920 1636 967 1684 po·

174 1694 232 1734 test.
266 1684 304 1732 Ut
317 1684 388 1732 enirn
408 1701 441 1733 ex
461 1700 603 1733 nervorum
624 1701 689 1732 sono
706 1687 733 1734 iu
749 1684 861 1746 fidibus,
884 1701 967 1749 qnam

173 1753 285 1802 scienter
298 1751 322 1799 ei
338 1751 407 1816 pulsi
418 1753 480 1810 sint,
491 1752 605 1815 intelligi
617 1753 697 1800 solet:
717 1753 755 1802 sic
769 1769 800 1801 ex
812 1755 969 1803 animorum

174 1828 250 1868 motu
262 1817 396 1878 cernitur,
426 1818 493 1885 quid
513 1818 656 1867 tractandis
677 1819 717 1869 his
735 1821 853 1887 perficiat
865 1834 969 1873 orator.

167 1887 266 1955 -Itaqua
281 1886 432 1950 intelligens
448 1884 555 1936 dicendi
575 1888 752 1951 existimator,
770 1905 823 1937 non
837 1889 969 1950 assidens,

173 1962 200 2006 e't
212 1963 309 2004 attente
323 1952 445 2016 audiens,
465 1954 511 2005 sad
525 1970 578 2004 uno
591 1954 731 2020 adspectu,
754 1966 782 2004 et
795 1957 970 2023 praeteriens,
1006 1988 1007 1995 κ

174 2021 207 2073 de
222 2032 323 2072 oratore
336 2040 411 2088 saepe
425 2016 535 2073 iudicat.
568 2021 653 2072 Videt.
662 2025 817 2074 oscitantem
838 2024 971 2085 iudicem,
1006 2042 1007 2049 ¹

174 2091 326 2156 loquentem
339 2107 401 2140 eum
413 2091 507 2152 altero,
523 2106 724 2156 nonnumquam
739 2093 819 2142 etiam
833 2094 973 2143 circulan-

170 2164 243 2221 teru,
262 2159 413 2207 mittentem
423 2158 459 2208 'ad
470 2159 563 2217 horas,
582 2159 772 2222 quaesitorem,
790 2172 821 2208 ut
838 2159 977 2221 dimittan*

129 2236 137 2241 “
173 2236 324 2293 rogantum:
343 2222 478 2290 intelligit,
495 2239 628 2275 oratorem
641 2226 668 2274 in
688 2243 718 2275 ea
728 2245 806 2276 eausa
821 2243 877 2277 non
892 2227 975 2278 ades=

175 2311 217 2355 se,
236 2295 281 2359 qui
300 2294 381 2360 possit
402 2295 496 2344 animis
515 2293 635 2343 inditum
654 2293 792 2345 admovere
807 2297 976 2355 orationem,

173 2374 308 2428 tamquam
325 2360 422 2412 fidibus
439 2379 558 2411 manum.
606 2360 682 2409 {dem
700 2363 723 2410 si
745 2365 910 2429 praeteriens
926 2363 978 2412 ad·

175 2431 288 2495 spexeris
303 2440 401 2480 erectos
413 2431 544 2480 intuentes
559 2427 668 2489 iudices,
686 2442 716 2478 ut
728 2444 772 2478 aut
781 2430 872 2479 doceri
889 2431 976 2492 dere,

175 2495 256 2562 idque
274 2499 351 2546 etiarn
367 2500 442 2547 vultu
458 2496 570 2560 probare
581 2495 736 2547 videantur:
767 2510 825 2558 aut,
842 2511 874 2546 ut
890 2516 978 2549 avem

174 2577 253 2615 sautu
265 2566 362 2630 aliquo,
380 2567 417 2628 sic
432 2567 493 2615 illos
507 2563 603 2613 viderit
616 2565 749 2623 oratione,
768 2567 979 2631 qnasigsuspen·

166 2636 231 2698 'effi
250 2634 345 2706 tengrit
369 2644 428 2701 aut,
446 2632 475 2683 id
487 2630 560 2701 quod
572 2632 684 2686 maxime
701 2648 767 2699 opus
781 2642 836 2695 est,
862 2635 980 2684 miseri·

368 2715 391 2733 O
