2042 2992
121 90 194 177 'at
315 146 320 151 -
389 84 678 179 ¹raucus.

160 244 263 310 tiquns:
288 239 435 310 Spautem
455 241 540 290 nihilo
563 243 609 290 ille
628 240 736 305 quidem
755 242 887 300 ornatior,
910 239 954 288 sel
1013 241 1016 287 l

162 324 250 362 tamen
279 311 437 360 adstrictior.
477 310 541 359 Fuit
560 311 631 358 enlm
652 309 744 358 doctus
762 326 799 375 ex¹
817 307 956 375 disciplina
974 336 978 343 ·

163 379 323 430 Stoicorum.
357 370 457 427 Multae
469 389 531 426 sunt
543 379 588 441 Sp.
609 376 701 426 Albini
714 374 871 425 orationes..
888 374 956 425 hunt
1013 370 1015 443 Ι

162 450 243 496 etiam
257 446 287 494 L.
309 443 758 505 etC.Aureliorrun¹0resta1nm,
784 459 849 506 quos
868 444 956 508 aliquo
1014 452 1015 499 l

162 514 240 565 rideo
253 515 281 561 in
293 528 402 562 numero
413 514 550 561 oratorum
563 513 651 562 luisse.
691 510 721 560 P.
733 511 814 561 etiarn
826 509 955 576 Popillius
1014 510 1015 517 ’

163 597 225 634 eum
237 581 300 635 ciris
314 581 444 645 egregius,
463 574 522 629 tun'r
542 597 596 629 non
615 580 756 629 indisertus
776 578 836 627 init.
873 576 956 627 Cae·

162 666 208 710 ro,
228 649 296 697 filius
312 650 379 709 eius,
398 647 520 699 disertus.
554 647 586 696 G.
599 666 649 714 que
663 645 810 695 Tuditanus
825 662 885 695 cum
901 661 958 694 om·

162 718 190 767 ni
203 716 256 766 vita
268 727 345 782 atque
357 718 429 765 victu
442 718 562 766 excultus
574 728 650 781 atque
666 715 811 780 expolitus,
829 725 890 761 tum
902 715 958 762 eius

162 785 267 848 elegans
281 796 320 833 est
333 782 456 833 habiturn
471 786 551 833 etiarn
564 783 690 832 orationis
710 796 800 845 genus.
843 779 957 830 Eodem·

163 869 214 918 quc
228 852 255 901 iu
269 868 362 917 genere
374 864 414 900 est
431 851 586 911 habituris,
604 850 649 912 qui
667 851 762 897 iniuria
783 859 888 914 accepta
907 849 958 896 fre·

111 909 122 923 ⁰
162 920 202 986 git
225 920 268 968 Ti.
288 918 439 969 Gracchum
459 919 601 985 patientia,
627 917 691 965 civis
708 918 735 965 iu
754 915 834 973 rebus
850 917 958 982 optimis

163 988 403 1048 constantissimus,
416 986 454 1034 tt.
470 986 605 1035 Octavius.
639 982 675 1033 At
688 1001 749 1033 vero
771 983 809 1031 Μ.
828 981 959 1032 Aemilius

98 1086 100 1093 ι
160 1053 294 1121 Lepidus,
314 1054 359 1118 qui
371 1066 411 1102 est
424 1052 537 1101 Porcina
550 1051 650 1113 dictus,
677 1051 771 1101 iisdem
793 1049 958 1115 temporibus

138 1138 151 1147 ’
164 1120 235 1181 tere,
256 1119 351 1184 quibus
363 1119 462 1178 Galba,
481 1120 529 1168 scd
542 1121 630 1184 paullo
643 1121 730 1167 minor
748 1129 826 1179 natu,
844 1131 871 1167 et
887 1134 959 1168 sum·

162 1203 223 1236 mus
233 1200 320 1236 orator
337 1200 376 1237 est
389 1187 508 1248 habitus,
526 1198 554 1234 et
565 1187 629 1247 fuit,
652 1197 682 1235 ut
696 1196 803 1252 apparet
818 1203 850 1235 ex
862 1188 960 1235 oratio·

139 1274 144 1279 ·
163 1253 256 1314 nibus,
274 1256 387 1320 scriptor
402 1272 461 1303 sane
483 1255 578 1304 honus.
619 1255 676 1303 Hoc
696 1255 723 1302 in
744 1266 846 1302 oratore
863 1255 959 1303 Latino

163 1322 281 1389 primum
295 1322 361 1371 mihi
376 1321 480 1375 ridetur
494 1335 521 1372 et
534 1324 628 1381 lenitas
648 1323 796 1387 apparuisse
816 1323 861 1370 illa
879 1321 959 1370 Grae.

164 1406 271 1451 corum,
291 1402 317 1439 et
331 1391 474 1441 vorborum
490 1390 703 1458 comprehensio,
717 1391 804 1437 etiam
820 1389 960 1455 artilexlut
990 1438 995 1446 ,

70 1472 72 1477 ’
162 1459 200 1507 ita
208 1455 312 1522 diram)
329 1461 415 1509 stilus.
449 1458 527 1508 Hunc
539 1458 654 1508 studiose
668 1457 723 1506 (luo
735 1456 915 1506 adolescentes
921 1458 961 1505 iu·

89 1523 91 1527 ’
163 1527 352 1595 geniqsissiuri,
378 1541 404 1577 et
426 1544 507 1592 prope
531 1528 666 1591 aequales,
688 1524 719 1573 C.
737 1524 841 1587 Carbo,
867 1538 894 1573 et
918 1526 961 1573 Ti.

165 1593 302 1643 Gracchus
315 1595 405 1643 audire
418 1594 489 1642 soliti
509 1605 587 1641 suut:
613 1592 646 1650 dc
667 1591 762 1656 quibus
778 1593 832 1641 iam
853 1591 961 1648 dicendi

162 1660 237 1708 locus
251 1663 314 1721 erit,
333 1677 393 1709 cum
410 1659 442 1708 de
461 1660 606 1707 senioribus
619 1676 700 1724 pauca
712 1658 813 1708 dixero.
848 1660 962 1725 Q.euirn

99 1750 107 1765 ·
164 1726 304 1793 Pompeius
325 1743 378 1774 non
406 1738 557 1777 contemtus
582 1739 686 1786 orator,
713 1726 878 1792 temporibus
899 1729 963 1785 illis,

164 1795 232 1854 tuit,
250 1795 295 1859 qui
310 1808 427 1843 summos
440 1793 567 1853 honores,
586 1793 666 1843 bomo
680 1811 727 1858 per
741 1812 767 1843 se
780 1796 914 1859 cognitus,
930 1796 963 1843 si·

79 1918 84 1923 ,
163 1880 195 1910 ue
211 1861 265 1910 ulla
279 1860 508 1910 commendatione
523 1863 655 1909 maiorum
667 1873 706 1909 est
725 1861 844 1927 adeptus.
891 1864 964 1912 Tum

164 1929 195 1978 L.
209 1928 319 1978 Crassus
360 1930 447 1977 ultum
460 1930 563 1995 potuit,
586 1946 640 1976 non
663 1929 827 1994 eloquentia,
852 1929 901 1979 sed
923 1930 965 1979 di·

109 2048 118 2057 ,
164 1995 247 2046 ceudo
261 2009 332 2045 tame
359 2018 365 2059 3
393 1997 488 2057 homo,
511 2002 565 2044 nou
586 1996 887 2060 liberalitatesutalii,
917 1993 965 2046 sed
1012 2040 1014 2043 .

166 2067 173 2114 i
194 2081 219 2113 sa
235 2065 343 2113 tristitia
359 2077 385 2112 et
396 2058 534 2123 severitate
547 2064 695 2130 popularis:
713 2065 786 2113 cuius
798 2064 909 2130 quidem
929 2066 966 2113 le·
1013 2098 1014 2103 ,

163 2151 190 2198 gr
202 2132 354 2180 tabellariae
371 2132 409 2182 M.
425 2130 519 2187 Antius
531 2130 621 2191 Briso,
639 2131 764 2182 tribunus
778 2131 881 2197 plebis,
918 2131 968 2185 diu

163 2200 274 2263 restitit,
293 2198 330 2247 M.
343 2198 443 2264 Lepido
463 2200 569 2248 consule
585 2198 739 2260 adimarus,
764 2214 844 2264 eaque
866 2217 910 2249 res
935 2198 968 2248 P.

162 2266 287 2317 Africano
300 2267 485 2331 vituperationi
502 2267 566 2325 luit,
584 2265 657 2330 quod
679 2268 734 2316 eius
755 2268 912 2316 auctoritate
934 2267 969 2319 de

164 2335 292 2383 sententia
304 2332 433 2382 deductus
449 2333 523 2383 Briso
539 2335 690 2400 putabatur.
731 2335 802 2382 Tum
823 2334 878 2382 duo
900 2334 969 2384 Gne·

162 2403 256 2466 piones
269 2401 384 2451 multum
397 2403 505 2451 clientes
520 2402 630 2450 consilio
643 2414 669 2450 et
685 2403 786 2464 lingua,
805 2402 969 2466 plussucto·

162 2469 240 2517 ritate
254 2480 342 2517 tamen
355 2481 381 2517 et
393 2471 479 2533 gratia
492 2469 671 2519 sublevabant.
707 2467 760 2516 Sed
774 2467 894 2532 Pompeii
904 2480 970 2537 sunt

162 2537 259 2601 scripta
277 2550 324 2587 uec
338 2537 423 2587 nimis,
431 2548 584 2598 extenuata,
601 2536 771 2603 (quamquam
785 2546 905 2586 veterum
929 2547 971 2584 est

100 2656 102 2661 ,
163 2600 279 2669 simius)
294 2616 320 2654 et
334 2606 413 2672 plena
424 2602 586 2675 prudentiae.
700 2611 702 2615 ’
