2042 2992
306 152 575 231 ·eaurua
822 124 891 224 αρ’
990 150 997 235 2

57 291 84 330 et
98 276 302 342 vehementem,
320 291 346 328 et
356 276 433 329 valde
441 276 562 340 dulcem,
575 278 872 346 esperlacetumluiase·

57 340 178 398 dicebat:
200 345 331 410 addebat,
351 347 512 397 industrium
523 349 617 408 etiam,
630 348 671 399 ‘et
691 348 857 413 diligentem,

56 416 125 464 etin
138 414 390 477 exercitationibus,
407 416 726 483 commentationibusque
743 416 858 466 inultum

55 484 151 550 operae
165 484 274 545 solitum
291 501 345 532 esse
361 488 466 547 ponere.
500 478 550 532 llic
565 484 694 550 optimus,
717 485 770 533 ills
791 495 858 532 tem·

55 549 179 618 poribus,
201 562 241 600 est
252 562 380 614 patronus
398 551 518 614 habitus,
545 569 627 617 eoque
646 552 733 602 forum
752 563 858 601 tenente

56 619 134 686 plora
149 618 206 667 fleri
216 617 313 668 iudicia
327 631 478 684 coeperunt.
513 619 581 667 Nam
596 622 858 686 etquaestionesper·
918 628 921 631 ‘

55 698 149 754 petuae
173 685 224 734 hoc
240 685 406 735 adolescente
427 688 583 737 constitutae
603 699 679 747 sunt,
702 705 766 753 quae
782 700 858 737 antea

57 755 146 804 nullae
158 752 279 814 fuerumt,
298 753 338 820 (L.
354 755 425 803 enim
433 750 508 814 Piso,
526 748 754 820 tribunusplebis,
770 756 856 819 legem

56 822 158 887 primns
176 818 209 868 dc
229 822 344 885 pecuniis
362 819 515 886 ”petundis
538 818 681 870 Censorino
701 835 727 871 et
747 822 858 871 Manilio

58 887 211 949 consulibus
224 889 301 937 tulit:
335 889 388 955 ipse
402 890 483 939 etiam
503 886 565 937 Piso
585 901 610 937 et
628 907 717 938 causas
738 891 806 954 egit,
831 902 857 939 et

58 957 206 1006 multarum
223 956 313 1020 legum
327 968 373 1006 aut
387 968 494 1016 auctor,
518 967 563 1005 aut
583 954 715 1017 dissuasor
734 958 800 1007 suit:
822 959 855 1005 is·

59 1042 108 1091 qpe
120 1035 148 1072 et
161 1024 293 1072 orationes
304 1025 426 1091 reliquit,
446 1042 511 1086 quae
523 1026 576 1072 iarn
582 1037 758 1086 evanuerunt,
777 1038 802 1074 et
811 1044 855 1075 ans

58 1092 148 1152 nales,
165 1109 225 1139 saue
238 1092 341 1141 exiliter
349 1089 495 1159 scriptos3)
514 1091 647 1143 etiudicia
685 1094 771 1157 opuli,
799 1095 856 1158 qui·
927 1147 930 1155 1

58 1158 107 1207 bns
118 1156 211 1207 aderat
224 1157 311 1207 Carbo
319 1194 326 1225 ,
346 1161 399 1208 ianr
413 1176 454 1207 ma
475 1161 496 1208 is
507 1172 650 1222 patronum
657 1110 853 1221 AEsidembant,
872 1166 879 1217 j

60 1224 156 1276 tabella
170 1223 249 1274 datar
267 1243 348 1292 quarn
360 1228 445 1292 legem
484 1225 609 1278 .Cassius
632 1227 732 1296 Lepido
747 1229 856 1281 etMan·

58 1294 117 1343 cino
128 1293 282 1355 consualibus
298 1296 367 1344 tulit.

126 1360 253 1413 XXVIII.
288 1358 379 1413 Vester
395 1361 474 1410 etiam
490 1361 525 1410 D.
540 1361 650 1423 Brutus,
660 1363 708 1411 tt.
721 1363 804 1423 filius,
826 1373 856 1413 nt

60 1447 90 1480 ex
101 1428 229 1479 familiari
242 1430 297 1479 eius
310 1430 341 1478 L.
353 1429 428 1478 Attio
438 1433 513 1494 poeta
530 1447 589 1476 snm
603 1428 693 1478 audire
707 1431 811 1490 solitus,
829 1442 855 1478 et

13 1514 15 1519 ’
60 1496 150 1547 dicere
162 1509 216 1546 non
228 1498 330 1546 inculte
344 1495 462 1556 solebat,
480 1508 506 1542 et
518 1507 573 1542 erat
588 1509 650 1542 cum
673 1488 768 1544 litteris
786 1495 856 1545 Lati·

59 1568 115 1627 nis,
126 1576 194 1629 „tum
211 1566 292 1613 etiam
306 1560 428 1623 Graccis,
446 1574 475 1612 ut
493 1561 657 1625 temporibus
678 1564 745 1624 illis,
768 1564 855 1613 erudi.

61 1643 110 1683 tus.
147 1631 221 1696 Quae
234 1630 367 1681 tribuebat
379 1630 450 1680 idem
465 1629 555 1680 Attius
574 1631 654 1678 etiam
674 1630 712 1695 Q.
729 1630 855 1692 Maximo,

61 1698 92 1749 L.
105 1699 194 1749 Paulli
205 1701 310 1764 nepoti:
328 1709 354 1749 et
367 1716 428 1748 vero
441 1710 500 1747 ante
513 1698 674 1760 Maximum,
699 1697 777 1748 illum
800 1700 857 1753 Sci.
867 1749 875 1763 .

62 1769 185 1834 pionem,
223 1784 257 1816 uo
274 1766 341 1816 duce
354 1769 455 1831 privato
471 1766 514 1815 Ti.
527 1764 662 1815 Gracchus
673 1769 772 1816 occisus
780 1780 855 1829 esset,
898 1785 909 1797 ’

62 1851 121 1884 cnm
136 1785 262 1885 emnilsns
274 1835 301 1883 in
314 1833 391 1882 rebus
406 1833 601 1896 vehementem,
626 1846 685 1882 tum
698 1852 784 1883 acrem
805 1837 856 1883 aie·

61 1901 147 1955 barin
159 1901 275 1952 dicendo
296 1901 384 1951 fuisse.
424 1901 495 1950 Tum
514 1902 594 1951 etiarn
614 1899 645 1948 P.
666 1892 792 1950 Lentulus
811 1903 856 1951 ille
920 1929 930 1937 ·

62 1972 197 2037 prinecps,
216 1969 250 2020 ad
266 1963 460 2035 rempublicam
475 1964 601 2017 drrntaxat
616 1966 688 2029 quod
702 1974 767 2034 opris
779 1980 855 2032 esset,

18 2042 19 2101 j
62 2039 123 2088 satis
135 2037 258 2091 habuisse
274 2037 437 2101 eloquentiae
450 2034 558 2084 dicitnr.
591 2035 741 2101 Iisdemque
755 2049 807 2086 tem
828 2054 855 2086 o·
879 2086 883 2088 ,

18 2108 20 2149 ἶ
65 2104 296 2155 nummarius
311 2103 401 2152 Philus
418 2102 533 2168 perbene
551 2103 632 2152 latine
653 2103 727 2168 loqui
746 2056 855 2170 putaba-

63 2183 118 2234 tur,
133 2173 346 2237 litteratiusque,
365 2186 444 2233 quam
461 2172 557 2219 ceteri.
585 2168 614 2218 P.
632 2169 756 2221 Scaevola
776 2170 853 2223 valde

60 2238 205 2315 prudenter
219 2252 246 2288 et
261 2230 368 2296 acutas
387 2237 459 2286 anilo
468 2238 550 2286 ctiam
564 2239 709 2303 copiosius3
726 2256 774 2288 uec
786 2240 854 2288 mul·

22 2338 23 2341 =
64 2309 192 2356 cominus
210 2305 352 2373 prudenter
394 2305 547 2356 ‚Manilius
579 2303 658 2371 Appii
670 2303 854 2359 Claudiirolu·
872 2353 874 2355 ,

22 2434 24 2437 Ι
65 2372 139 2437 bilis,
159 2373 209 2424 sed
218 2375 308 2441 paullo
321 2371 445 2422 fervidior
457 2386 514 2422 erat
526 2373 619 2423 oratio.
652 2373 685 2427 In
706 2375 794 2436 aliquo
807 2388 855 2419 nn·

64 2454 135 2491 merc
146 2443 230 2493 etiem
239 2443 277 2492 Μ.
292 2440 402 2491 Fulvius
415 2438 539 2502 Flaccus,
565 2451 591 2488 et
607 2438 639 2488 C.
655 2437 721 2488 Cato
735 2438 855 2488 Africani

22 2518 24 2523 ’
64 2511 159 2560 sororia
168 2508 255 2572 filius,
276 2506 424 2557 mediocres
435 2519 566 2569 oratores3
585 2506 634 2555 etsi
650 2504 740 2553 Flacci
759 2502 856 2567 scripta

65 2590 139 2641 sunt,
159 2577 206 2630 aed
219 2587 250 2627 nt
261 2575 373 2627 studiosi
387 2575 546 2627 litterarum.
579 2572 857 2631 Flacciautemaenru.

64 2642 104 2694 las
118 2644 150 2695 Ρ.
160 2645 258 2697 Decius
277 2645 343 2706 luit,
368 2659 421 2692 non
443 2642 530 2693 iulans
547 2641 593 2689 ille
613 2636 737 2700 quidem,
761 2632 808 2684 scd
828 2646 870 2707 ec,
