2042 2992
123 132 266 173 “20‘
454 118 691 177 usurus
770 90 774 105 ’

179 256 246 315 post,
264 258 345 309 quatu
356 251 417 292 en'm
431 242 546 295 tabulam
568 244 687 297 docuisse
705 258 730 297 et
750 243 854 296 Atticus
869 244 975 308 scribit,

180 327 207 365 et
217 331 270 363 nou
281 314 309 362 in
320 313 432 375 antiquis
452 316 649 364 commentariis
662 315 824 365 invenimus:
850 312 976 367 docuisse

181 394 268 432 autem
280 377 397 428 fabulam
410 382 485 428 aunis
497 394 559 448 post
585 399 616 432 xt
634 380 674 432 C.-
683 381 816 443 Cornelio,
836 380 870 444 Q.
882 382 977 433 Minu·

182 452 223 498 uio
234 444 394 505 consulibus,
408 447 479 497 ludis
492 449 642 512 luventatis,
661 468 725 516 quos
734 449 977 500 SaliustorSenen·

183 519 203 565 si
216 515 316 583 proelio
328 527 443 564 voverat.
478 515 509 566 In
523 530 575 581 quo
590 528 678 568 tantus
690 535 764 567 error
776 516 846 567 Attii
864 518 926 578 luit,
944 529 979 567 nt

183 585 223 651 lgis
236 582 387 632 oonsulibus
398 597 433 630 xu
447 596 530 634 annos
546 599 622 635 natus
633 587 733 636 Ennius
746 585 838 637 suerit:
857 584 977 633 cuicum

154 670 159 681 ·
183 650 298 713 aequalis
311 649 492 714 fueritLivius‚
510 654 660 703 minorluit
673 654 806 718 aliquanto
820 653 851 711 is,
869 652 978 718 quipri·
1011 671 1013 721 j

183 736 242 768 mus
259 717 377 786 sabulum
395 716 484 782 (ledit,
500 738 579 786 quam
597 721 631 783 ii,
648 723 695 786 qui
714 721 812 770 multas
828 718 978 770 docuerant

184 797 244 835 ante
258 785 307 834 hos
320 787 457 848 consules,
471 801 498 838 et
509 786 618 839 Plautus
634 801 660 838 et
672 790 791 839 Naevius.

192 885 197 895 .
251 851 324 902 xlx.
356 850 428 902 Haec
441 856 463 906 si
479 856 565 905 miuus
578 869 637 923 apta
659 857 781 907 ridentur
795 855 857 904 hnic
875 869 998 903 sermonv

185 922 221 980 ni,
237 920 324 981 Brute,
342 919 432 971 Attico
448 923 563 986 assigno,
580 925 627 989 qui
638 941 681 972 me
694 924 863 973 inflammavit
875 919 977 981 studio,

119 1038 126 1043 ,
185 990 330 1040 illustrium
344 987 483 1038 hominum
498 1002 596 1039 aetates
612 1004 638 1040 et
656 1004 773 1058 tempora
793 989 980 1055 persequendi.

186 1057 243 1121 Ego
261 1072 338 1112 rom,
355 1056 440 1118 iuquit
457 1056 566 1117 Brutus,
583 1071 609 1107 et
622 1058 739 1108 delector
752 1061 799 1107 ista
815 1058 886 1122 qussi
902 1069 979 1106 nota·

185 1126 257 1172 tione
269 1134 428 1185 temporum,
447 1136 473 1172 et
487 1124 520 1172 ad
536 1125 573 1186 id,
591 1127 662 1190 quod
676 1127 822 1187 instituisti,
840 1137 981 1173 oratorum
1012 1160 1013 1189 ,

109 1207 112 1213 ’
175 1206 280 1261 genera
301 1186 460 1254 distinguere
482 1194 626 1255 aetatibus,
644 1196 721 1243 istam
739 1193 905 1257 diligentiam
922 1210 980 1242 esse
1012 1223 1013 1251 3

187 1255 414 1307 accommodatam
428 1271 500 1322 puto·
536 1261 623 1322 Recte,
637 1263 753 1324 inquam,
774 1259 861 1320 Brute,
877 1261 980 1309 intelli·
1012 1262 1013 1289 ³

186 1326 239 1392 εἰει
258 1334 335 1388 utque
349 1322 450 1383 isinum
464 1340 594 1377 exstarent
606 1330 652 1378 illu
669 1330 791 1388 carmina,
809 1345 874 1394 quse
885 1328 981 1376 multis

186 1390 297 1441 saeculis
306 1402 444 1440 antesuam
459 1407 572 1444 oetatem
581 1398 607 1446 in
622 1398 706 1463 opulis
719 1412 772 1445 esse
783 1396 913 1444 cantitata
927 1396 980 1444 sin·

175 1460 256 1529 'gulis
268 1458 382 1508 eouvivis
397 1457 429 1509 de
438 1463 574 1513 ‘clarorum
588 1467 704 1515 virorum
716 1456 854 1524 lantibus,
873 1464 901 1513 in
919 1463 984 1515 Oris

188 1524 293 1591 ginibus
306 1528 357 1575 sori
376 1539 435 1576 tum
449 1531 557 1595 reliquit
569 1530 648 1595 Cato!
667 1531 942 1596 Tomenillius,quem
953 1532 982 1579 in

188 1593 292 1644 vatibus
304 1605 331 1641 et
366 1597 438 1642 suuis
453 1610 588 1655 enumerat
602 1599 711 1660 Ennius,
730 1596 980 1657 bellumPunicutu,

189 1660 265 1726 qussi
285 1658 404 1726 Myronis
418 1678 497 1726 opus,
523 1664 645 1715 delectet.
680 1666 721 1716 Sit
735 1665 835 1716 Ennius
848 1683 926 1726 saue,
951 1678 982 1714 ut

190 1737 230 1777 est
245 1736 324 1786 certe,
342 1727 496 1793 perfectior:
519 1734 563 1795 qui
578 1733 600 1781 si
616 1734 708 1795 illum,
727 1745 757 1783 ut
774 1733 896 1794 simulat,
918 1750 982 1781 eon=
1013 1738 1014 1761 ³

190 1803 328 1853 temneret,
346 1810 399 1844 uon
413 1798 499 1845 omnia
508 1797 580 1848 betta
594 1818 764 1867 persequens,
783 1802 899 1866 primum
911 1799 982 1849 illud
1013 1848 1014 1851 ,

191 1859 336 1920 Punicum,
353 1863 643 1931 scerrimumslrsllum
664 1870 822 1932 reliquisset.
856 1867 911 1918 Sed
927 1870 983 1933 ipse

191 1927 270 2002 «licit,
282 1942 329 1976 cut·
339 1927 368 1978 id
382 1929 469 1992 faciat,
503 1959 521 1969 -
553 1964 570 1975 -
592 1936 727 2002 scripsere,
744 1937 840 2002 iuquit,
859 1932 913 1984 alii
926 1952 984 1984 rem

192 1992 330 2053 Versibus„
345 2025 363 2039 -
381 2025 398 2037 -
415 2009 441 2045 et
454 1997 585 2052 luculente
598 2003 706 2068 quidem
713 2004 879 2068 scripserunt,
889 2002 984 2052 etiam·

189 2063 322 2122 siminus,
340 2079 420 2129 quam
431 2077 469 2127 tu,
486 2070 578 2134 polite.
612 2071 667 2121 Nec
682 2089 744 2121 vero
753 2070 885 2120 tibialiter
896 2069 985 2120 vider-i

104 2165 116 2173 .
189 2128 282 2210 (leben
301 2131 372 2194 quis
384 2131 481 2196 Naevio
493 2139 537 2188 rel
547 2140 666 2191 sumsisti
672 2140 765 2200 multa,
783 2139 805 2189 si
816 2138 920 2189 latoris:
930 2138 984 2199 rel,

189 2214 212 2249 st
224 2212 310 2261 negas,
328 2200 484 2265 surripuisti.

145 2264 158 2279 ¹
220 2329 226 2341 ι
259 2260 328 2313 Cum
342 2263 392 2315 hoo
405 2264 504 2320 Catone
517 2273 669 2338 grandiores
681 2268 991 2329 natusueruntC.Fls·.

190 2329 296 2391 mffllffls
315 2327 346 2380 C·
360 2333 453 2398 Varro,
470 2337 504 2400 Q
517 2342 656 2405 Maximus,
675 2343 710 2406 Q.
724 2341 858 2402 Metellus,
874 2338 906 2410 Ρ.
915 2339 986 2389 Len·

190 2397 271 2476 tulus,
289 2393 319 2447 P.
335 2397 451 2465 Crassus,
470 2407 516 2471 qui
528 2425 591 2461 oum
601 2413 733 2478 superiore
747 2408 872 2459 Africano
889 2407 986 2457 consul

190 2463 251 2514 sust.
284 2464 377 2532 Ipsum
395 2469 546 2538 Scipionem
562 2481 710 2544 accepimus
726 2496 780 2527 non
795 2474 924 2525 insontem
942 2474 987 2523 su·

191 2533 249 2582 isse.
285 2532 368 2585 Filius
380 2539 490 2600 quidem
508 2546 572 2608 eius,
590 2546 620 2609 is,
638 2547 684 2612 qui
699 2546 768 2595 hune
782 2544 911 2592 minorem
926 2542 987 2591 Sci·

190 2600 296 2665 pionem
315 2619 330 2651 s
347 2601 612 2677 Paulloadoptavit,
633 2616 656 2663 si
676 2630 784 2680 corpore
797 2610 922 2663 valuisset
929 2645 938 2672 ,
958 2611 987 2659 is
