2042 2992
345 138 616 195 BRUTUu·
834 152 867 203 ᾗ

72 271 353 338 devitaipsiusatta‚
370 287 431 319 sana
445 271 539 329 utiles,
565 286 631 334 quos
644 286 724 323 nemo
736 270 815 336 legit:
840 286 868 323 at

71 339 133 408 Cyri
146 341 230 390 vitam
245 351 272 388 et
292 336 459 401 disciplinam
477 339 585 400 legunt,
606 339 770 403 praeclaram
793 328 867 390 iilam

70 407 199 473 quidem,
225 405 270 455 sed
288 420 372 467 nequo
396 418 450 457 tam
471 405 551 453 rebits
575 407 704 456 nostrisa
726 412 792 467 ta‘na,
818 426 867 457 nee

72 489 163 527 tamen
187 474 280 524 Scauri
295 472 420 522 laudibus
442 471 659 539 anteponendam.
712 491 757 540 pse
786 477 868 525 etiam

69 541 191 592 Fufidius
207 543 235 591 in
247 542 336 605 aliquo
350 553 522 606 patronorum
535 557 644 590 numero
655 540 720 590 fuit:
852 547 857 559 ⁸

136 606 223 659 XXX.
258 608 372 657 Rutilius
385 620 472 678 autem
484 604 513 659 in
525 607 640 670 quodam
650 611 720 660 tristi
734 622 760 659 et
775 614 865 662 seuero

69 695 164 743 genere
177 674 285 726 dicendi
299 686 416 727 uersatus
428 688 480 739 est,
505 688 531 724 et
548 687 657 742 uterque
675 690 769 727 natura
789 680 865 739 vehe-

68 762 159 808 mens,
177 757 203 794 et
216 762 285 794 acer.
318 743 411 809 Itaque
424 760 486 792 cum
500 760 552 792 una
571 744 740 794 consulatum
757 748 874 811 petivisg

67 823 141 873 sent,
157 813 270 862 nonille
284 812 387 873 solum,
411 813 457 875 qui
471 811 603 877 repulsam
620 812 731 871 tulerat,
757 830 863 864 accusa·
882 846 898 867 ,.
953 845 957 851 ·

66 882 105 930 tit
119 879 237 929 ambitus
250 879 416 944 designatum
438 879 655 944 competitorem,
684 879 730 928 sed
748 879 863 929 Scaurus

65 950 147 997 etiam
163 947 319 1008 absolutus,
334 947 467 996 Rutilium
479 948 507 995 iu
522 938 650 994 iudicium
664 948 780 996 vocavit:
794 949 862 997 mul·

65 1028 144 1078 taque
155 1032 250 1080 opera,
275 1012 410 1079 multaque
425 1005 557 1064 industria
577 1013 695 1063 Rutilius
706 1014 772 1078 fuit3
796 1033 861 1081 quae

65 1095 121 1133 erat
134 1095 274 1149 proptetea
295 1084 406 1147 gratior,
430 1079 501 1146 quod
519 1078 590 1129 ideal
616 1095 742 1146 magnum
766 1097 862 1132 munus
904 1084 907 1093 '

66 1149 99 1199 de
111 1146 169 1199 iure
184 1147 361 1215 respondendi
376 1148 530 1199 sustinebat.
563 1148 634 1197 Sunt
654 1148 709 1198 eius
729 1151 860 1198 orationes
920 1158 927 1169 '

63 1218 180 1267 ieiunae:
200 1218 287 1266 tuulta
298 1217 429 1283 praeclara
437 1215 469 1269 de
476 1218 546 1265 iure:
566 1214 660 1265 doctus
670 1217 727 1277 vir,
745 1230 770 1264 et
779 1215 860 1266 Grae·

62 1286 99 1335 tis
111 1286 212 1348 litteris
224 1284 357 1347 eruditus,
375 1282 490 1333 Panaetii
502 1281 625 1344 auditor,
641 1284 860 1350 paupepersectus

54 1348 91 1401 ‘in
106 1353 222 1403 Stoicis:
239 1368 353 1415 quorum
364 1363 519 1418 peracutum
532 1363 558 1399 et
570 1351 634 1411 artis
646 1351 754 1415 plenum
764 1353 868 1400 oratio?

15 1462 33 1483 χ,
62 1422 103 1471 uis
117 1436 219 1484 genus,
235 1418 281 1468 sed
294 1431 383 1468 tamen
396 1420 479 1479 exile,
497 1433 546 1464 nec
558 1418 620 1483 satis
632 1418 753 1482 populari
775 1434 859 1466 asson.

15 1492 16 1499 ’
62 1489 133 1537 sioni
146 1485 390 1536 accommodatum.
424 1486 516 1546 Itaque
528 1484 590 1544 illa,
614 1498 678 1549 quae
697 1485 801 1548 propria
819 1495 859 1533 est

60 1553 139 1606 liuius
152 1554 322 1620 disciplinae,
338 1551 558 1621 philosophorum
575 1548 607 1597 de
626 1566 653 1598 se
669 1550 786 1616 ipsorum
803 1553 859 1616 opi·
899 1619 901 1622 y

15 1660 16 1663 η
62 1623 259 1683 nio,fir1uain
280 1622 330 1671 hoc
350 1622 406 1670 viro
427 1632 454 1669 et
472 1617 695 1667 stabilisinrenta
715 1628 762 1666 est.
805 1617 858 1682 Qui

62 1705 225 1753 quamquam
237 1690 465 1738 innocentissimus
480 1689 508 1736 in
521 1684 649 1735 iudicium
661 1699 767 1735 vocatus
780 1698 856 1750 esset,

62 1756 123 1823 (qno
139 1756 239 1819 iudicio
251 1757 404 1807 convulsam
414 1755 519 1822 penitus
534 1754 631 1802 scitnui
644 1772 699 1803 esse
711 1755 857 1820 rempubli-

62 1822 140 1888 σω)
154 1837 322 1879 cumessent
340 1841 372 1873 eo
389 1836 507 1888 tempore
528 1822 735 1883 eloquentissimi
758 1823 807 1870 viri
824 1821 856 1872 L.

62 1888 170 1941 Crassus
183 1904 209 1941 et
227 1891 265 1941 M.
285 1888 416 1943 Antonius
432 1889 594 1948 consulares,
619 1905 712 1937 eorum
730 1888 857 1937 adhibere

58 1972 189 2009 neutrum
203 1959 295 2009 voluit.
329 1959 404 2015 Dixit
417 1960 471 2025 ipse
480 1972 606 2022 pressae,
624 1967 650 2003 et
663 1972 746 2020 pauca
754 1955 784 2005 C.
793 1956 856 2005 Cot-

60 2037 101 2087 ta,
119 2025 192 2090 quod
207 2028 303 2077 sotoris
316 2040 371 2079 erat
381 2027 464 2085 filius,
485 2025 540 2072 etis
548 2020 751 2087 quidemtanten
759 2036 789 2074 ut
798 2041 856 2073 ora·

55 2104 116 2155 ,tor5
137 2110 299 2159 quamquem
312 2108 367 2144 erat
378 2091 526 2143 admodum
544 2087 704 2139 adolescens.
744 2091 797 2141 Sed
818 2090 852 2157 Q.

59 2159 167 2211 liutius
183 2162 374 2212 enucleateille
394 2161 502 2225 quidem
527 2168 552 2205 et
576 2157 673 2221 polite,
696 2170 726 2208 ut
743 2159 854 2218 solebat,

57 2242 225 2294 nequaquam
238 2239 365 2297 autetn‘ea
378 2231 404 2280 vi
416 2240 495 2292 atque
503 2227 592 2291 copia,
608 2241 686 2288 quam
695 2227 854 2292 genttsillud

58 2294 152 2346 iudicii
167 2308 194 2345 et
207 2297 462 2363 maguitudonausae
468 2295 627 2359 postulabat.
660 2293 793 2343 Habemus
807 2294 855 2357 igi-

15 2398 17 2421 .
60 2372 103 2412 tur
116 2365 146 2414 in
158 2363 254 2425 Stoicis
269 2364 421 2414 oratoribus
438 2362 581 2423 Rutilium,
601 2361 729 2409 Scautatm
745 2362 772 2408 in
788 2360 854 2407 auti·

15 2440 17 2485 ζ
47 2431 136 2495 ,quint
153 2442 295 2498 utrumque
310 2446 400 2482 tamen
410 2428 562 2490 laudemus,
586 2429 708 2493 quoniam
730 2443 776 2490 per
794 2426 856 2474 illos

57 2513 90 2547 ne
100 2497 168 2548 liaeo
178 2497 286 2561 quidem
298 2501 326 2550 in
336 2501 439 2551 civitate
457 2515 552 2562 genera
569 2495 618 2543 hac
638 2494 752 2541 oratota'a
774 2489 854 2539 laude

58 2577 209 2615 caruerunt.
243 2564 410 2626 Volumina,
427 2566 602 2618 attinctus,
619 2560 656 2606 sic
671 2559 750 2604 etiam
766 2555 794 2602 in
815 2556 854 2603 so·
881 2583 885 2592 ·

57 2647 106 2695 to,
121 2651 179 2684 non
192 2649 236 2683 eoa
247 2634 331 2685 mado
343 2633 463 2695 laudati,
481 2631 528 2697 qui
540 2626 618 2681 celeti
634 2635 709 2672 motu
722 2635 748 2670 et
761 2620 854 2670 diffisi·
