2042 2992
121 94 183 203 ’σή
401 135 677 193 4ΒΙὶῑΙΤῙῙὸ.

168 270 268 326 otiosus
284 265 373 327 domi,
386 259 431 319 ld.
442 262 476 313 nl
490 261 650 326 meBrutus,
667 273 698 314 ut
705 274 882 324 consueverat,
903 280 967 313 cnm

169 339 201 391 T.
218 335 364 404 Pomponio
383 343 502 394 venerat,
526 332 646 393 homines
673 347 735 380 cum
756 333 827 389 inter
851 351 877 381 se
902 349 969 380 eon·

171 400 270 465 iulreti,
289 416 347 453 tum
364 400 431 449 mihi
448 395 485 449 ita
500 399 572 462 cari,
588 401 673 464 itaque
686 399 810 460 ineundi,
829 413 968 448 uteorum

170 473 297 539 adspectu
312 470 415 530 omnis,
434 485 499 530 quae
517 483 560 517 me
579 466 690 531 angebat
707 467 741 516 de
758 462 903 533 republicaj
924 485 969 516 eu·

172 552 202 592 ra
220 536 378 588 consederit.
413 536 485 600 Quos
508 546 649 600 postquam
671 536 798 596 salutavit
821 534 885 599 quid
910 551 969 594 ros,

60 648 63 655 .
141 654 145 661 s
174 610 297 672 inquam,
314 604 393 654 Brute
411 616 436 652 et
454 603 558 665 Attice,
575 592 665 653 nunc?
684 601 749 668 quid
766 602 875 652 tandem
891 600 971 651 novi?

172 675 340 735 Nihilxsanet
360 672 444 735 inquit
461 670 573 733 Brutus,
598 670 670 736 quod
687 669 797 735 quidem
813 683 858 719 aut
873 683 905 718 tu
923 686 971 719 au·

173 741 230 795 dire
247 741 329 799 uelis,
355 749 400 786 aut
417 754 465 802 ego
483 755 531 804 pro
549 750 621 789 certo
633 737 721 787 dicere
738 737 856 789 audeam.
897 739 974 788 Tum

173 807 298 868 Atticus,
315 806 485 870 Eo,inqui·t‚
504 805 539 855 ad
557 819 583 855 te
609 807 696 854 animo
721 807 854 866 venimus,
880 818 919 855 ut,
935 805 973 854 de

174 875 310 943 republica
328 885 394 924 esset
411 874 563 934 silentium,
579 886 606 920 et
623 872 724 937 aliquid
748 873 899 923 audiremus
923 890 977 938 poe
1013 881 1016 886 '

174 946 227 1005 tius
244 960 276 995 ex
293 955 334 1003 te,
357 957 438 1006 quam
456 953 482 989 te
502 941 665 989 afficeremus
682 942 736 990 ulla
752 942 882 991 molestia.
917 941 975 991 Vos

178 1026 256 1074 vero,
276 1011 400 1071 inquam,
417 1007 522 1072 Attice,
540 1021 565 1057 et
583 1022 747 1075 praesentem
762 1025 806 1057 me
825 1026 887 1058 cura
902 1007 977 1061 levas

175 1080 228 1140 tis,
256 1087 285 1126 et
300 1077 402 1125 absenti
418 1092 514 1140 magna
530 1076 622 1125 solatia
643 1075 760 1125 dedistis.
793 1075 862 1126 Nam
879 1077 976 1125 restris

174 1146 296 1214 primum
313 1144 408 1192 litteris
427 1156 573 1206 recreatus,
592 1160 635 1192 me
652 1144 686 1194 ad
703 1145 814 1210 pristina
832 1142 919 1192 studia
933 1160 976 1192 re·

175 1214 276 1264 vocari.
311 1211 382 1259 Tum
399 1212 462 1273 ille,
479 1211 559 1275 Legi,
577 1212 676 1275 inquit,
694 1210 863 1277 perlubenter
878 1206 976 1276 episfo=

177 1281 247 1339 lam,
275 1276 405 1340 quemad
424 1291 450 1327 te
468 1277 563 1328 Brutus
585 1280 658 1327 misit
678 1296 709 1328 ex
731 1277 809 1339 Asia‘,
831 1296 883 1344 qua
898 1279 978 1344 antini

177 1349 247 1400 risus
266 1357 305 1394 est
322 1357 348 1393 et
365 1361 473 1395 monete
491 1357 517 1394 te
535 1345 693 1410 prudenter,
716 1359 743 1397 et
760 1344 891 1396 consolari
910 1348 977 1395 arrii·

178 1415 292 1467 tissime.
326 1412 418 1474 Recte,
441 1415 567 1478 inquam,
585 1427 623 1464 est
640 1415 719 1466 visus.
759 1415 827 1464 Nam
850 1430 901 1462 me
919 1415 978 1463 istis

149 1534 152 1545 ,
179 1483 246 1534 scito
268 1481 364 1531 litteris
389 1498 420 1531 ex
445 1481 568 1531 diuturna
586 1482 783 1547 perturbatione
809 1483 890 1530 totius
913 1483 979 1530 vali·

181 1549 282 1601 tudinis
299 1549 477 1613 tanquamnd
490 1546 691 1615 adspiciendum
713 1551 802 1598 lucem
824 1566 878 1599 esse
903 1565 978 1598 revo-

181 1630 278 1667 catum·
312 1613 401 1679 Atque
418 1626 463 1676 ut,
475 1630 538 1679 post
556 1615 720 1665 Cannensem
744 1618 820 1669 illam
843 1615 980 1677 calamita·

180 1696 255 1744 tem,
271 1683 388 1747 primum
404 1681 526 1730 Marcelli
543 1682 578 1741 ad
594 1684 691 1732 Nolam
708 1686 810 1751 proelio
826 1684 940 1750 populus
953 1700 980 1731 se
992 1738 1002 1743 ι

181 1752 314 1805 Romanus
339 1749 436 1809 erexit,
466 1762 608 1815 posteaque
631 1768 769 1821 prosperae
791 1768 833 1800 res
856 1751 981 1816 deinceps

182 1820 280 1868 multae
295 1826 448 1867 consecutae
467 1830 541 1866 sunt:
551 1821 598 1866 'sio
614 1831 778 1884 postrorum
791 1830 943 1868 nostrarum
955 1830 981 1867 et
1015 1846 1016 1851 =

183 1886 367 1936 communium
383 1886 552 1949 gravissimos
570 1904 658 1944 casus,
676 1888 744 1941 nihil
761 1898 820 1936 ente
837 1887 983 1953 epistolam

183 1952 259 2003 Bruti
278 1952 344 2002 milii
362 1950 474 2014 accidit,
492 1954 691 2014 quadremus,
709 1967 753 2005 aut
764 1954 835 2021 quod
854 1956 941 2019 aliqua
950 1971 983 2002 ex

183 2031 257 2086 parte
275 2018 468 2068 sollicitudines
479 2019 605 2083 allevaret
612 2037 692 2071 meas.
727 2024 798 2074 Tum
807 2022 912 2083 Brutus,
930 2022 985 2070 Vo·

183 2088 222 2137 lui
240 2085 267 2134 id
284 2085 392 2151 quidem
410 2087 513 2145 efficere
531 2101 617 2150 corte,
642 2101 668 2141 et
691 2091 766 2167 capio
784 2106 911 2155 magnum
930 2088 985 2136 sru-

186 2167 274 2212 ctum‚
293 2155 315 2202 si
334 2152 442 2219 quidem
461 2155 532 2221 quod
550 2158 637 2216 volui,
663 2168 732 2206 tanta
757 2160 785 2206 in
806 2175 836 2206 re
859 2174 986 2205 consecu-

184 2235 229 2275 tus
245 2237 312 2270 sum.
349 2221 402 2272 Sed
420 2224 486 2272 scire
503 2226 594 2289 cupio,
617 2241 683 2289 quse
696 2237 722 2274 te
735 2225 817 2275 Attici
830 2222 988 2273 litteraede·

155 2328 157 2331 -
184 2289 351 2339 leetavntnn
383 2289 449 2338 Istae
467 2309 543 2348 vero,
567 2293 690 2356 inquam,
714 2291 807 2352 Brute7
831 2308 885 2341 nou
903 2290 988 2343 modo

186 2356 389 2409 delectationem
406 2358 500 2418 mihi,v
513 2358 559 2407 sed
582 2362 678 2419 etiam,
708 2371 738 2408 ut
761 2378 849 2424 spero,
872 2360 989 2411 salutem

185 2425 339 2477 attulerint.
375 2422 516 2474 Salutem?
533 2427 619 2491 iuquit
631 2428 686 2475 ille.
721 2426 863 2489 Quodnam
875 2425 989 2476 tandem

186 2493 352 2558 genusistnc
367 2501 420 2540 tarn
436 2491 603 2556 praeclarum
619 2495 769 2544 litterarum
786 2491 857 2544 suit)
875 2493 920 2542 An
938 2494 991 2542 mi=

186 2561 215 2619 hi
233 2560 335 2624 potuit,
355 2559 482 2622 inquam,
502 2578 555 2609 esse
570 2563 719 2627 assignatior
727 2563 780 2610 ulla
789 2564 923 2623 salutatio,
945 2578 992 2614 aut

186 2624 220 2687 ad
233 2627 282 2677 hcc
298 2636 402 2692 tempus
421 2627 522 2692 aptior,
543 2644 622 2694 quam
638 2629 711 2680 illius
724 2629 801 2697 libri,
819 2648 872 2697 qno
884 2648 931 2682 me
946 2634 993 2684 hic
