2042 2992
323 151 584 207 *nunnus
663 115 670 180 ἶ
829 123 869 210 ss
937 209 940 216 ,

58 275 144 335 hunc,
164 290 248 348 ‘quem
259 284 287 323 tu
300 274 370 339 plus,
388 293 467 341 qnam
484 288 526 336 te,
545 293 632 339 amas„
650 276 777 341 Brutum,
790 267 885 328 uelle*-

60 354 87 393 tc
99 344 152 391 illo
166 341 248 390 modo
263 339 360 393 dicus
396 342 495 396 Probas
502 345 597 409 Lepidi
611 341 752 398 orationes.
786 346 863 396 Paul-

58 411 119 461 lum
130 409 177 459 liic
190 409 243 457 tihi
254 412 395 470 assentior,
417 408 497 462 modo
510 413 546 461 ita
559 413 666 473 laudes,
685 427 716 463 ut
727 416 861 479 antiquas:

57 477 133 544 quod
149 478 215 526 item
229 475 262 525 de
275 475 417 538 Africano,
441 478 474 528 de
485 479 590 541 Laelio,
612 482 685 530 cuius
697 483 861 534 moratione

56 561 141 610 negas
151 545 211 593 fieri
224 542 370 609 quidquam
382 561 459 610 posse
476 546 586 597 dulcius.
620 545 707 598 addis
719 551 802 598 etiam
814 564 860 597 nea

55 610 203 675 sciojquid
221 613 364 680 augustum.
404 613 516 663 Nomine
534 631 582 665 nos
602 618 672 681 cepis
689 618 787 666 summi
801 617 860 678 viri,

55 683 183 746 vitaeque
195 681 405 744 elegantissimae
417 682 560 734 verissimis
579 682 712 733 laudibus.
746 684 860 734 Restione

55 748 140 797 haec:
156 765 210 797 ›nae
231 749 283 796 ista
297 746 383 797 dulcis
402 750 486 797 oratio
508 751 546 798 ita
562 752 596 804 sit
617 750 735 812 obiecto,
751 763 786 800 nt
802 766 860 799 eam
898 773 907 780 ·

58 817 180 881 aspicere
191 816 356 882 nemovelit.
390 815 539 865 Carbonem
551 819 579 866 in
593 818 704 876 mmmis,
712 819 862 868 oratoribus

16 883 17 886 '
58 882 184 933 habitum
199 884 272 931 scio:
302 882 348 932 sed
363 899 423 932 cum
438 886 466 932 in
482 887 576 934 ceteris
590 885 685 946 rebus,
709 898 768 935 tum
780 887 808 935 in
820 886 859 934 ‹ti-

61 948 159 1011 sendo,
178 965 290 1014 semper,
308 968 359 1015 quo
374 947 608 1012 nihil‘estmeliuc
627 952 781 1015 illaudati,
798 970 859 1019 qua·
903 995 906 1000 .
962 991 972 997 .

56 1018 201 1079 lacumque
221 1031 273 1078 est,
297 1019 380 1069 solet.
411 1019 481 1067 Dico
499 1019 573 1069 idem
588 1020 621 1069 ile
636 1019 777 1070 Gracchis:
809 1021 859 1069 etsi

59 1085 93 1136 (le
107 1086 141 1135 iis
156 1104 186 1134 ea
200 1098 261 1134 snut
274 1103 287 1133 a
301 1096 326 1132 te
339 1085 521 1152 dicta,quiltus
535 1105 585 1153 ego
597 1090 731 1138 assentior.
750 1088 855 1137 Omitto

59 1165 179 1203 ceteros:
197 1154 274 1203 renio
285 1152 319 1201 ad
333 1156 391 1213 eos,
410 1156 437 1202 in
451 1155 546 1216 quibus
558 1157 612 1204 iam
626 1156 768 1221 perfectam
782 1168 859 1220 putas

58 1239 115 1272 esse
138 1222 331 1286 eloquentiam,
359 1237 424 1284 quos
443 1221 592 1285 egoaudlvi
609 1224 664 1274 sine
681 1224 858 1274 controversie

59 1306 102 1339 ma
124 1305 174 1338 nos
187 1301 321 1349 eratoses,
340 1286 463 1340 Crassum
480 1303 506 1339 et
520 1287 675 1342 Antonium.
710 1292 750 1341 De
761 1291 857 1339 horam

57 1306 190 1414 iniibus,
205 1357 254 1405 tibi
269 1355 376 1420 prorsus
392 1358 533 1407 assentior:
560 1356 714 1408 sed-tamen
731 1374 785 1406 uon
807 1359 858 1406 isto
887 1379 890 1384 >

58 1424 152 1485 modo,
170 1436 201 1473 ut
214 1423 344 1492 Polycleti
360 1424 547 1490 Dorypbomm
561 1425 612 1474 sibi
625 1424 753 1491 Lysippus
765 1424 858 1479 aiebat,

59 1494 98 1542 sie
112 1503 143 1541 tu
156 1495 303 1543 suasionem
318 1493 384 1555 legis
399 1491 524 1542 Serviliae
536 1491 588 1540 tibi
608 1493 759 1555 magistram
770 1491 859 1542 fuisse.
939 1509 948 1518 “

58 1561 131 1610 Haec
147 1577 271 1626 germana
292 1560 376 1608 ironia
397 1571 446 1614 est.
482 1558 535 1609 Cur
553 1561 589 1608 ita
606 1559 732 1620 sentiam,
754 1575 807 1607 non
819 1556 859 1606 di·

60 1645 128 1688 cam,
137 1647 185 1677 one
196 1644 238 1676 me
250 1629 300 1676 tibi
312 1628 437 1677 assentari
448 1640 533 1694 putes.
569 1626 674 1678 Omitto
689 1628 778 1694 igitur,
792 1641 857 1691 quac

60 1695 94 1746 dc
110 1697 236 1761 iisipsis‚
255 1712 322 1757 quse
336 1696 369 1744 de
384 1695 479 1756 Cotta,
504 1713 570 1760 quae
584 1695 617 1744 do
630 1696 762 1762 Sulpicio,
791 1710 857 1760 quas

59 1762 143 1813 modo
159 1764 191 1811 de
203 1762 294 1812 Coelio
308 1762 419 1818 dixeris..
448 1765 471 1813 li
484 1767 555 1814 enim
567 1764 675 1814 suerunt
684 1776 754 1814 certe
771 1774 857 1824 orato·

58 1849 111 1881 res.
147 1830 248 1892 Quanti
260 1842 357 1894 antem,
368 1845 395 1883 et
411 1833 510 1897 quales,
528 1831 558 1882 tu
569 1830 675 1883 videris.
710 1827 857 1881 Nimillud

57 1899 230 1960 misoscum,
249 1898 321 1963 quod
333 1901 487 1965 congessisti
499 1900 632 1966 operarios
645 1916 753 1949 omnes:
772 1910 801 1946 nt
809 1898 857 1944 mi·

56 1966 88 2016 tsi
102 1965 243 2026 videantur
252 1968 323 2017 mori
338 1969 451 2017 voluisse
466 1968 603 2030 nonnulli,
620 1978 651 2020 ut
663 1984 677 2014 a
691 1978 717 2015 te
729 1966 758 2014 in
772 1976 857 2014 orato·

57 2051 120 2085 rum
133 2052 276 2085 numerum
288 2036 457 2085 referrentur.
844 2061 847 2066 ·

86 2145 89 2152 .
127 2102 289 2154 Lxxxtffl.
323 2104 394 2153 Haec
407 2120 470 2154 cum
482 2105 528 2153 ills
537 2100 745 2168 dixissotjlsongi
758 2113 844 2152 sermo

38 2167 44 2174 ’
57 2172 100 2228 ,πίε
112 2171 228 2224 initium·
234 2172 373 2237 pepulisti,
392 2173 499 2237 inquam
506 2176 523 2231 ,¹
538 2169 643 2233 Attice,
665 2187 772 2236 remque
786 2184 858 2219 com·

57 2239 181 2300 movisti,
215 2255 285 2289 nora
301 2239 478 2305 disputatione
499 2240 623 2306 dignum,
645 2253 723 2303 qnam
741 2241 769 2290 in
783 2234 857 2285 aliud

57 2317 167 2373 tempus
186 2304 348 2358 differamus.
388 2307 519 2358 Volvendi
540 2308 613 2357 anim
631 2319 692 2357 sunt
708 2305 774 2354 libri
795 2318 857 2351 cum
896 2328 927 2360 ·.

57 2369 185 2432 aliorum,
204 2386 263 2423 tum
275 2375 398 2441 inprimis
414 2374 534 2426 Catonis·
567 2375 720 2439 intelliges,
743 2369 811 2420 nihil
826 2367 857 2416 il-

56 2442 110 2491 lius
124 2443 308 2505 lineamentis,
336 2444 388 2493 nisi
408 2460 499 2494 eoram
510 2445 718 2510 pigmentorum,
738 2454 803 2502 quas
817 2437 856 2483 in·
870 2491 874 2494 Δ
889 2451 899 2461 “

55 2521 134 2559 vente
149 2508 269 2559 nondum
283 2519 365 2572 etant,
379 2513 470 2568 florem
481 2525 510 2561 et
520 2512 636 2559 colorem
649 2507 771 2556 defuisse.
787 2502 859 2553 Nam

56 2571 90 2630 dc
105 2577 195 2627 Crassi
211 2578 328 2630 oratione
340 2580 379 2627 sic
392 2580 524 2638 existimo,
542 2580 630 2640 ipsum
641 2574 749 2620 sortasse
761 2570 857 2620 melius

57 2635 178 2711 potuisse
188 2645 321 2695 seribere:
339 2646 431 2708 alium,
448 2644 615 2701 utarbitror,
636 2638 777 2689 nemiuem.
801 2634 857 2684 Nec
