2042 2992
345 118 617 185 auduus·
711 184 714 189 ,
835 104 895 192 ω’

17 244 20 291 ῗ
74 260 106 311 de
118 262 176 311 vita
188 261 272 328 ipsius
283 267 353 320 acta,
370 276 431 311 saue
445 260 539 319 utiles,
565 276 631 324 quos
644 276 724 312 nemo
736 259 815 325 legit:
840 275 868 312 at

73 328 133 397 Cyri
146 330 230 378 vitam
246 340 273 377 et
291 325 459 391 disciplinam
478 328 584 390 legum,
607 328 770 392 praeclaram
793 317 867 379 illam

72 397 200 462 quidem,
225 395 271 445 sed
288 410 372 457 neque
396 407 450 447 tam
472 393 551 442 rebus
575 397 705 445 nostrisa
726 400 792 457 ta‘m,
818 415 867 446 nee

74 478 164 515 tamen
187 463 280 512 Scauri
296 461 420 512 laudibus
442 461 659 529 anteponendam.
699 414 758 529 disse
786 465 868 514 etiam

71 530 191 581 Fufidius
208 532 235 579 in
247 531 336 594 aliquo
350 542 522 594 patronorum
535 546 644 579 numero
656 530 720 579 fuit:
852 536 857 547 ⁸

137 596 224 648 XXX.
258 597 372 645 Rutilius
385 594 640 667 auteminquodam
650 600 720 648 tristi
734 610 761 648 et
776 602 865 650 seuero
905 628 906 631 =

70 664 285 731 generedicendi
299 674 480 727 uersatusest‚
504 677 531 713 et
548 676 657 730 uterque
677 679 769 716 natura
789 668 865 727 velie·

69 750 160 796 mens,
178 746 204 783 et
216 750 285 782 acer.
318 732 411 797 Itaque
424 749 485 781 cum
500 749 551 781 una
571 733 741 783 consulatum
757 736 874 800 petivia—

68 811 141 861 sent‚
158 802 270 851 nonille
284 801 388 861 solum,
412 801 457 864 qui
471 800 603 866 repulsam
620 801 731 860 tulerat,
757 819 863 853 accusa·
882 836 898 855 ,ι
954 834 958 840 -

67 870 105 919 ait
120 868 237 919 ambitus
250 868 416 933 designatum
438 868 654 932 competitorem,
683 867 730 917 sed
748 868 863 918 Scaurus

66 938 148 986 etiam
164 937 319 997 absolutus,
334 936 467 985 Rutilium
479 937 508 984 iu
522 926 650 983 iudicium
664 937 780 985 vocavit:
794 939 862 986 mul·

66 1017 145 1066 taque
156 1021 250 1069 opera,
276 1002 411 1068 multaque
426 994 557 1053 industria
577 1002 695 1052 Rutilius
706 1003 772 1066 suit;
796 1023 861 1070 quae

65 1083 122 1122 arat
135 1085 274 1138 propterea
295 1073 406 1136 gratior,
430 1068 501 1135 quod
519 1067 590 1118 idenl
616 1085 741 1136 magnum
766 1087 863 1122 munus
904 1074 907 1083 '

67 1139 99 1188 de
112 1136 170 1188 iure
184 1137 361 1205 respondendi
376 1137 531 1188 sustinebat.
562 1137 635 1186 ‘Sunt
655 1138 710 1187 eius
729 1140 860 1188 orationes
920 1148 927 1159 ‘

64 1206 181 1256 ieiunae:
201 1208 288 1255 multa
299 1207 429 1271 praeclara
438 1204 470 1256 de
476 1207 531 1254 iure
541 1221 547 1252 :
567 1202 660 1255 doctus
670 1207 710 1255 vir
720 1243 727 1268 ‚
745 1220 770 1254 et
779 1205 860 1256 Grae·

63 1275 100 1324 eis
113 1275 213 1337 litteris
225 1271 358 1336 eruditus,
376 1273 490 1322 Panaetii
503 1270 625 1333 auditor,
641 1274 860 1340 propep'erseetus

55 1338 92 1391 'in
107 1342 223 1399 Stoicis;
240 1357 353 1404 quorum
364 1353 519 1407 peracutum
532 1352 558 1388 et
570 1340 634 1398 artis
646 1341 754 1405 plenum
765 1343 868 1390 oratio·¹

13 1446 33 1469 2,
63 1411 104 1461 uls
118 1425 220 1473 genus,
236 1407 281 1457 sed
294 1421 383 1457 tamen
396 1409 479 1467 exile,
497 1422 546 1453 nec
558 1408 620 1461 satis
632 1409 753 1472 populari
775 1425 859 1456 assen-

63 1478 133 1526 sioni
147 1474 390 1525 accommodateuu.
424 1476 516 1536 Itaque
528 1473 590 1534 illa,
614 1488 678 1539 quae
697 1475 801 1539 propria
819 1486 859 1524 est

61 1543 140 1596 huius
153 1544 322 1609 disciplinae,
339 1541 558 1611 philosophorum
575 1537 607 1587 de
626 1556 653 1588 se
669 1540 786 1606 ipsorum
803 1544 859 1606 opi.

62 1614 123 1673 nio,
140 1613 218 1661 firma
231 1614 259 1661 in
280 1612 331 1661 hoc
350 1611 406 1660 viro
427 1622 454 1661 et
472 1607 574 1657 stabilis
590 1608 695 1656 inventa
715 1619 763 1656 est.
805 1607 858 1672 Qui

62 1694 226 1742 quamquam
238 1680 465 1728 innocentissimus
481 1679 508 1726 in
521 1674 649 1725 iudicium
661 1688 767 1726 vocatus
780 1688 856 1740 esset,

63 1746 124 1813 (quo
140 1746 239 1809 iudicio
252 1747 404 1797 convulsam
415 1745 519 1812 penitus
535 1745 631 1792 scimus
645 1762 700 1792 esse
712 1745 857 1810 rempubli-

63 1812 141 1878 eem,)
155 1826 323 1869 cumeessent
341 1831 373 1863 eo
390 1827 507 1878 tempore
528 1812 736 1873 eloquentissimi
759 1813 807 1860 viri
824 1812 857 1862 L.

62 1878 171 1931 Crassus
184 1894 210 1931 et
228 1881 266 1930 Μ.
286 1878 417 1931 Antonius
432 1880 594 1939 consulares,
619 1895 712 1926 eorum
731 1878 857 1927 adhibere

57 1962 190 2001 neutrum
204 1949 296 1999 voluit.
330 1949 405 2005 Dixit
418 1950 471 2015 ipse
480 1962 607 2012 prosese3
624 1957 650 1994 et
663 1945 785 2010 paucaC.
794 1946 857 1995 Cot·

60 2027 102 2078 ta,
119 2016 193 2080 quod
207 2018 303 2067 sororia
316 2029 371 2069 erat
381 2017 465 2073 filius,
485 2015 540 2062 etis
548 2010 656 2077 quidem
663 2025 752 2062 tanuen
760 2025 790 2063 ut
799 2030 857 2062 ora.

54 2094 117 2145 aor5
137 2100 299 2149 quamquam
312 2097 367 2133 erat
379 2081 527 2133 admodum
544 2077 704 2127 adolescens·
745 2080 798 2131 sed
818 2079 853 2147 Q.

59 2149 169 2201 Mucius
183 2152 316 2202 enucleate
329 2153 374 2201 ille
395 2150 503 2215 quidem
527 2158 552 2195 et
576 2147 673 2211 polite,
696 2159 726 2197 ut
744 2147 854 2207 solebat,

56 2232 225 2284 nequaquam
238 2229 365 2286 autemea
378 2221 404 2270 vi
417 2216 592 2281 atquecopia‚
608 2231 686 2277 quam
696 2223 776 2280 genus
784 2215 855 2265 illud

57 2284 152 2336 iudicii
167 2299 194 2335 et
207 2287 363 2353 magnitudo
372 2283 627 2349 eausaepostulabat.
660 2282 794 2332 Habemus
807 2283 856 2347 igi·

58 2363 103 2403 tur
116 2355 146 2404 in
158 2353 254 2415 Stoicis
270 2354 421 2404 oratoribus
439 2351 583 2413 Rutilium„
601 2350 729 2398 Scaurum
746 2352 772 2397 iu
788 2349 855 2397 outi-

13 2466 15 2469 ,
45 2421 135 2485 ‚quiet
153 2432 295 2488 utrumque
310 2436 400 2472 tamen
410 2418 563 2480 laudemus,
586 2417 708 2482 quoniam
730 2433 776 2481 per
795 2416 857 2464 illos

55 2503 89 2537 ne
100 2488 167 2538 haec
178 2487 286 2550 quidem
298 2491 440 2541 incivitate
457 2494 552 2551 genera
569 2484 618 2532 hac
638 2484 752 2530 oratoria
774 2478 855 2530 laude

56 2567 209 2607 sortierunt.
243 2554 312 2607 Volo
325 2558 410 2617 enim,
427 2568 457 2605 ut
470 2555 498 2603 in
511 2569 601 2609 actua,
619 2550 656 2596 sie
671 2550 750 2596 etiam
767 2547 793 2595 iu
815 2548 854 2595 so·
881 2575 885 2585 =

55 2637 85 2671 so
93 2658 105 2685 ‚
120 2641 178 2674 non
191 2639 235 2673 eos
247 2624 330 2675 nando
342 2624 462 2685 laudati,
480 2620 527 2688 qui
539 2616 618 2671 celeri
633 2627 709 2665 motu
722 2628 748 2663 et
761 2614 854 2665 diruet·
