2042 2992
290 17 296 38 Ι

145 116 211 176 242,
307 111 365 161 DE
390 109 565 162 OPTIMO
591 109 769 163 GENERE

145 255 228 293 stram
239 237 374 291 adscribat
391 236 566 285 sententiarum
594 235 667 299 Quin
685 240 773 303 ipsum
793 237 944 301 Isocratem,

146 328 227 376 quem
250 308 355 356 divinus
385 315 476 353 auctor
507 305 599 365 Plato,
624 322 702 355 suum
723 307 776 358 sere
800 310 945 369 aequalem,

147 376 342 427 admirabiliter
368 374 395 420 iu
421 371 540 420 Phaedro
566 371 668 420 laudari
700 374 763 422 fecit
789 393 803 423 a
829 377 945 436 Socrate,

145 437 278 509 quemque
298 458 389 490 omnes
408 438 480 487 docti
499 455 635 488 sumtuum
663 454 798 489 oratorem
826 459 882 492 esse
908 443 946 491 di-

146 524 254 570 xersmt,
279 524 366 558 tamen
387 507 455 555 huuc
474 508 501 556 in
528 523 637 556 ntunero
660 525 716 557 non
737 515 848 574 rep'ouo.
888 511 945 559 Non

144 582 256 636 enimin
276 575 330 625 acie
349 588 482 634 versatur,
506 587 533 624 et
552 575 636 624 serso:
667 576 740 639 qnasi
758 576 873 625 rudibus
891 580 945 627 eius

145 648 232 700 eludit
252 648 345 695 oratio.
379 642 406 694 A
423 655 571 700 meantem
595 643 641 707 (nt
659 659 721 692 cum
746 647 873 694 maximis
898 647 945 695 mi·

145 718 217 765 nima
258 707 407 772 conteram)
447 709 624 773 gladiatorum
680 727 707 757 ar
746 711 945 764 nobilissimum

143 783 289 833 inducitur.
323 777 482 840 Aeschines,
505 790 635 846 tauquam
682 781 832 845 eserniam,
855 792 886 831 ut
906 781 941 830 ait

142 851 276 912 Lucilius,
692 862 704 870 ⁹

201 1015 240 1042 non
255 1014 344 1053 spurcus
360 1000 432 1047 homo,
450 1000 607 1041 sestaronus
618 1015 681 1047 acor,

172 1060 223 1099 Gom
240 1059 353 1098 Pacidiano
369 1059 405 1095 hic
415 1059 544 1108 commonitor
552 1085 560 1106 ,
576 1060 665 1108 optimu'
681 1058 741 1109 longe

171 1117 222 1157 Post
236 1115 331 1153 homines
346 1121 413 1151 noros·
457 1164 459 1169 Ι

143 1253 218 1304 Nihil
236 1245 308 1302 euim
332 1252 381 1302 illo
404 1265 506 1305 oratore
531 1252 647 1305 arbitror
670 1256 781 1320 cogitari
805 1269 881 1321 posse
905 1251 943 1302 di·
1004 1277 1006 1280 ·

121 1324 238 1372 *tinius
281 1322 349 1369 Huic
374 1321 459 1371 labori
482 1336 572 1373 nostro
599 1322 652 1372 duo
679 1340 775 1387 genera
804 1320 943 1386 repreben-

146 1400 236 1439 sorum
255 1402 436 1455 opponuntur:
456 1408 539 1440 ιιιιιιιιι
554 1391 618 1440 hoc:
637 1391 736 1441 Verum
753 1385 850 1439 melius
861 1388 945 1438 Grae·
1003 1437 1004 1444 ,

142 1459 183 1506 ci:
216 1475 230 1503 a
253 1474 306 1520 quo
330 1470 484 1521 quaeratur,
515 1457 610 1525 ecquid
638 1459 739 1524 possint
765 1459 815 1523 ipsi
848 1458 945 1505 melius

141 1525 238 1584 latine:
273 1526 399 1572 aiterum:
438 1525 510 1586 Quid
533 1528 595 1575 istas
614 1527 702 1592 potius
724 1528 826 1589 legam,
862 1540 941 1586 quam
1003 1559 1005 1596 ἶ

142 1588 278 1641 Graecas?
301 1589 387 1639 iidem
404 1592 536 1642 Andriam
558 1605 584 1642 et
601 1592 795 1659 ¹Synephebos:
822 1609 871 1641 nec
892 1592 942 1639 mi·
1004 1601 1005 1644 ἶ

139 1678 190 1709 nus
214 1660 367 1707 Terentium
385 1671 411 1706 et
432 1660 593 1722 Caecilium,
619 1678 697 1726 quam
715 1658 960 1710 utemndrumter
1004 1693 1005 1702 ,

140 1721 224 1791 gunt:
243 1743 290 1774 nec
306 1723 538 1789 Andromachum,
563 1739 607 1776 aut
620 1728 782 1794 Antiopam,
809 1740 856 1776 aut
878 1726 940 1841 Elpi-

142 1811 224 1859 gonos
244 1792 350 1840 Latinos
368 1793 505 1857 recipiant.
540 1793 594 1850 scd
610 1809 701 1852 tamen
720 1795 836 1845 Ennium
854 1807 880 1843 et
913 1810 938 1840 a·

141 1863 247 1910 curium
261 1872 287 1909 et
303 1857 416 1908 Accium
436 1862 536 1926 potius,
560 1877 641 1924 quam
660 1862 818 1929 Euripidem
841 1874 869 1911 et
893 1860 939 1910 So·
1003 1879 1004 1906 ι

141 1928 265 1996 phoolcm
283 1929 383 1992 legunt.
419 1927 500 1990 Quod
518 1929 599 1992 igitur
617 1942 656 1980 est
674 1947 766 1979 eorum
792 1932 820 1980 in
845 1929 939 1983 oratio·

140 1997 219 2046 nibus
233 2015 247 2044 e
263 1995 365 2045 Graeco
379 1997 510 2050 conversis
525 1995 678 2062 fastidium,
704 2000 812 2052 nullum
827 2012 891 2048 cum
906 1995 940 2044 sit
1002 2025 1003 2064 j

139 2066 168 2113 in
179 2060 315 2116 versibus?

73 2196 80 2210 ‘
171 2247 175 2256 ,
210 2183 271 2250 VII.
305 2198 359 2249 Sed
376 2165 560 2265 aggrediamur
577 2203 647 2263 iam,
673 2200 744 2267 quod
768 2202 940 2267 suscepimus,
1000 2225 1002 2248 ι

142 2271 163 2319 si
181 2269 255 2335 prins
272 2270 482 2334 exposuerimus,
510 2286 575 2334 quae
595 2287 671 2319 causa
688 2273 716 2318 iu
739 2269 871 2320 iudicium
896 2266 942 2316 de·

142 2337 222 2385 ducta
240 2337 283 2384 sit.
302 2333 388 2384 „Cum
406 2346 474 2384 esset
497 2336 541 2383 lex
562 2333 688 2398 Athenis,
712 2355 745 2386 ne
765 2338 824 2400 quis
848 2336 940 2401 populi

141 2404 238 2452 scitum
262 2402 373 2459 faceret,
401 2412 432 2447 ut
457 2404 596 2463 quisquam
620 2421 717 2454 corona
742 2404 887 2454 donaretur
913 2403 939 2452 in

142 2472 298 2533 magistratu
312 2465 398 2530 prius,
417 2484 497 2530 quam
515 2471 628 2519 rationes
645 2472 793 2521 retulisset'
813 2470 943 2519 etaltera

142 2538 201 2594 lex,
220 2551 279 2593 eos,
299 2532 345 2596 qui
363 2550 377 2579 a
395 2536 492 2599 populo
510 2534 688 2598 donarentur,
703 2540 730 2586 in
748 2539 879 2587 concione
898 2536 944 2585 do·

111 2625 113 2632 ·
143 2603 202 2650 nari
230 2598 340 2648 debere:
356 2600 425 2662 ,quia
448 2601 477 2650 in
500 2615 592 2674 senatu
617 2604 811 2656 Demosthenes
835 2615 944 2656 curator
