2042 2992
294 37 627 120 oneronuu

12 194 13 205 ¹
67 197 167 266 optime
181 192 295 247 diteres·
311 189 353 242 Ex
369 210 420 260 quo
428 191 600 259 intelligitur,
616 189 740 259 qrrdniam
750 191 865 245 Graeco.

12 260 13 269 ¹
68 284 129 316 rum
158 276 293 315 oratorum
311 262 530 326 praestantissimi
551 272 611 310 sunt
631 264 664 327 ii,
689 265 734 330 qui
759 264 865 314 fuerunt

42 351 45 354 ·
66 332 192 397 Athenis3
212 346 305 382 eorsum
318 341 406 379 autem
419 330 542 396 princeps
563 328 640 378 facile
658 330 865 381 Demosthenes:

68 400 139 450 hunc
152 402 178 451 'si
200 400 259 465 quis
277 398 410 458 imitetur,
434 413 495 446 eum
514 408 541 446 et
558 395 646 447 Attice
664 398 813 460 dicturum,
838 405 866 444 et

69 471 186 533 optime:
203 478 247 527 ut,
266 465 391 530 quoniam
399 461 484 514 Attici
502 461 582 514 nobis
602 482 651 530 pro
670 466 730 516 ostri
747 476 808 526 suut
831 461 866 513 ad

19 559 29 578 x
68 533 247 595 mitandum,
264 531 331 581 bene
344 530 445 595 dicere,
462 530 491 582 id
501 533 537 582 sit
549 529 638 584 Attice
651 484 754 606 dicere.¹

137 670 172 722 V.
208 665 261 720 Sed
278 683 342 718 eum
358 667 387 716 in
407 682 438 716 eo
457 673 759 734 magnummontem,
789 668 866 733 quale
928 691 933 698 -

22 769 28 784 ι
68 749 137 789 esset
149 737 178 786 id
193 735 299 786 dicendi
312 752 408 799 genus:
426 739 516 799 putavi
532 738 599 787 mihi
615 737 813 804 suscipiendum
828 736 867 786 la·
902 755 908 760 ·

68 808 179 866 horem,
197 805 290 853 utilem
303 801 444 865 studiosis,
468 804 535 853 mihi
556 803 666 870 quidem
682 806 732 871 ipsi
751 820 805 852 nou
822 819 867 852 ue·

68 874 219 923 eessnrium.
254 869 378 919 Converti
392 869 608 922 entmexAuicis
617 872 730 922 duorum
745 873 868 934 eloquen·
902 867 911 877 ”

29 976 31 980 ,
68 941 237 990 tissimorum
249 938 428 992 nobilissimus
442 940 574 991 orationes
588 942 658 991 inter
673 939 868 1006 serpentarius,

23 1047 27 1054 .
67 1007 206 1058 Aeschinis
219 1006 472 1070 Demosthenisque:
490 1008 675 1071 neoeonverti‚
693 1006 867 1071 ut‘interpreu

34 1086 37 1092 “
69 1074 116 1125 red
135 1086 165 1125 ut
184 1084 288 1132 orator,
312 1075 449 1124 sententiis
466 1073 579 1136 iisdem,
604 1088 631 1126 et
650 1090 742 1131 earum
765 1072 869 1134 ferinis,

69 1152 207 1206 tamquam
221 1141 324 1205 figuris,
349 1140 435 1192 verbis
456 1141 490 1191 ud
509 1154 625 1193 nostrum
650 1140 868 1193 consuetudinem
918 1147 923 1154 ¹

68 1212 149 1276 aptis:
169 1211 196 1258 in
211 1208 309 1271 quihus
321 1224 376 1255 non
390 1208 502 1257 verbnm
515 1228 564 1277 pro
575 1211 656 1261 verbo
670 1213 775 1261 neeesse
786 1207 871 1263 habui

68 1276 197 1337 reddere,
215 1273 261 1327 sed
272 1290 355 1339 genus
367 1276 484 1324 omnium
501 1277 644 1327 verborum
662 1279 768 1340 vimque
785 1292 870 1328 serva.
916 1319 918 1328 ,

67 1345 104 1394 vi.
140 1345 199 1395 Non
214 1342 327 1392 enimes
339 1358 383 1391 me
396 1358 568 1393 annumerare
577 1345 670 1394 lectori
682 1346 772 1411 putari
792 1362 807 1393 o
827 1359 871 1391 or.

12 1415 14 1428 ¹
67 1425 142 1471 tere,
158 1409 203 1460 sed
216 1423 352 1473 tamquam
366 1409 523 1475 appendere.
557 1411 607 1461 Hic
622 1411 699 1464 labor
717 1428 792 1461 meus
808 1363 862 1461 ino

68 1485 234 1544 assequetur,
255 1490 285 1526 ut
296 1478 380 1526 nostri
393 1477 529 1538 homines,
548 1477 613 1541 quid
624 1477 657 1527 ab
676 1479 732 1528 illis
753 1481 862 1543 exigant

12 1545 14 1548 ’
69 1548 157 1610 quise
170 1543 276 1594 Atticos
288 1545 396 1605 volunt,
415 1544 488 1594 etad
527 1561 589 1596 uam
609 1561 654 1596 ens
672 1546 746 1611 quasi
760 1546 867 1595 formu·

67 1614 125 1661 lam
152 1610 259 1661 dicendi
287 1622 428 1671 revocent,
460 1563 622 1680 inteiligant.
667 1611 721 1663 Sed
737 1616 871 1664 exorietur

70 1677 251 1746 Tisucydidos.
286 1678 351 1726 Eius
364 1678 435 1727 enim
453 1679 563 1742 quidum
584 1681 762 1743 eloquentiam
785 1680 871 1731 admi:
923 1687 928 1694 “

68 1755 185 1796 rantum·
206 1745 238 1795 Id
252 1744 362 1811 quidem
375 1759 461 1795 recte:
480 1746 527 1797 sed
540 1747 607 1798 nihil
616 1746 650 1797 ad
658 1763 720 1797 eum
726 1760 868 1809 oratorem,

69 1829 150 1878 quem
180 1814 319 1862 uaerimus.
353 1811 437 1862 Aliud
448 1824 487 1864 est
499 1817 570 1866 enim
582 1816 712 1882 explicare
725 1833 767 1867 res
784 1827 869 1881 gestas
884 1859 889 1868 .

68 1832 217 1941 narrando,
244 1869 316 1927 aiiud
332 1881 540 1945 argmuentnndo
559 1884 710 1944 criminari,
737 1885 871 1933 crimenve
898 1880 903 1888 '

70 1947 228 1998 dissolvere:
247 1945 321 1994 aliud
332 1949 482 1996 narratione
495 1957 583 1998 tenere
603 1949 768 2014 auditorem,
796 1949 870 2000 aliud

70 2016 214 2064 concitare.
249 2012 285 2065 At
298 2015 416 2077 loquitur
428 2015 527 2079 pulcre.
562 2015 635 2066 Num
653 2018 764 2081 melius,
790 2034 870 2082 quum

71 2078 170 2133 Pluto?
188 2081 298 2132 Necesse
312 2094 400 2131 tumen
415 2093 456 2131 est
476 2084 591 2143 oratori,
612 2099 692 2149 quem
712 2088 870 2151 quaerimus,

69 2151 261 2200 controversias
280 2150 410 2215 explicare
430 2149 546 2201 forenses
564 2150 671 2202 dicendi
687 2168 780 2218 genere
807 2166 870 2221 epte

71 2216 107 2268 ad
120 2216 286 2280 docendum,
304 2215 338 2267 sd
351 2216 557 2284 delectandum,
579 2219 612 2269 nd
625 2220 853 2288 permovendum
871 2279 876 2285 ,

139 2352 187 2403 VI.
224 2352 313 2416 Quare
329 2354 351 2402 si
366 2354 423 2417 quis
436 2356 500 2418 erit,
524 2355 570 2423 qni
585 2353 755 2423 Thucydidis
775 2374 870 2424 genere

70 2435 162 2470 causas
176 2421 203 2468 in
217 2422 274 2470 foro
287 2420 423 2473 dicturum
436 2439 462 2471 se
476 2441 531 2474 esse
541 2425 712 2490 profiteatur,
730 2427 753 2475 is
774 2425 870 2477 ebhor·

70 2497 128 2538 reat
141 2489 399 2554 etiamasuspieione
413 2491 482 2550 eius,
510 2506 576 2554 quse
596 2504 717 2541 versatur
736 2494 764 2543 in
785 2511 813 2543 re
834 2496 871 2544 ei·

70 2556 120 2605 rili
133 2563 159 2602 et
173 2554 285 2605 sorensi:
311 2559 357 2624 qni
374 2556 561 2624 Thucydidem
576 2559 709 2624 laudavit,
734 2577 797 2611 ruse
825 2580 871 2612 no·

104 2636 166 2691 Cre.
184 2641 217 2692 T.
236 2639 286 2692 ΙΙΙ.
359 2695 363 2698 ,
506 2661 511 2673 ·
634 2642 659 2710 Q

438 2713 466 2738 l,
