2042 2992
145 117 218 198 sto
442 140 684 197 ossuou

167 266 428 328 nihilomiminus,
448 283 535 334 quam,
555 265 619 334 quid
626 264 832 330 deoestaidere.
853 264 965 331 Πρὲπω

169 339 302 404 appellant
324 338 374 387 hoo
402 334 511 384 Graeci:
544 353 591 386 uos
608 334 809 398 dio'amus‚sane
830 333 964 385 decorum.

169 406 209 457 De
222 424 273 472 quo
289 405 436 471 praeclare,
454 414 480 451 et
495 404 581 453 multa
595 405 805 470 praecipiuntur,
823 415 852 452 et
862 420 905 453 res
929 415 964 453 est

168 474 320 538 cognitione
335 469 497 536 dignissima.
531 469 614 520 Huius
628 473 791 535 ignoratione
812 465 965 521 ison-modo
997 497 999 500 v

170 542 199 589 iu
209 542 277 601 vita,
295 539 342 590 sed
356 539 503 603 saepissime
516 550 542 587 et
555 539 584 587 in
599 540 743 604 poematis,
761 550 788 587 et
801 539 829 605 in
849 540 964 588 oratioue
982 547 987 558 '

168 619 302 674 peccatur.
342 606 390 655 Est
409 617 514 666 eutem,
539 604 602 671 quid
623 605 727 667 deceat,
751 606 852 655 oratori
877 604 965 657 viden·

168 674 250 738 dum,
267 692 321 725 non
331 676 361 726 io
376 674 512 722 sententiis
533 673 635 736 solum,
658 673 706 724 sed
725 675 806 723 etism
825 676 853 723 in
869 671 963 724 verbis.

169 741 231 792 Non
244 742 317 791 enim
328 744 413 790 omnis
424 740 545 801 fortuna,
563 757 617 790 non
630 743 717 790 omnis
729 741 825 803 honos,
844 755 899 790 non
912 755 964 789 om·

169 811 210 859 nis
224 811 380 869 auctoritas,
403 826 456 857 nou
476 809 561 857 omnis
583 818 663 870 aetas,
676 825 725 858 uec
737 826 799 859 vero
813 809 904 870 locus,
923 818 964 857 out

170 887 287 944 tempus,
306 889 351 926 sut
373 876 479 925 auditor
494 875 596 937 omnis,
620 874 916 926 eodemautverborum
924 892 965 941 ge·

168 962 230 993 nere
244 943 393 994 tractandus
408 955 461 1004 est,
495 955 540 991 aut
570 944 772 994 sententiarum:
812 958 965 1010 semperque

167 1012 366 1076 inomniparte
381 1010 522 1068 orationis,
546 1021 576 1058 ut
590 1011 666 1072 vitae,
685 1010 750 1076 quid
776 1008 886 1071 deceat,
928 1020 965 1059 est

79 1127 85 1132 ,
166 1075 399 1134 considerandum:
417 1070 611 1141 quodetiam,
626 1075 659 1127 de
668 1095 719 1144 qus
732 1080 833 1144 egitur,
851 1079 964 1142 positum

169 1157 221 1206 est,
246 1157 272 1193 et
292 1145 320 1193 iu
343 1144 461 1209 personis
482 1155 508 1191 et
531 1159 631 1206 eorum,
648 1144 807 1210 quidiount‚
828 1155 961 1205 eteorum,

168 1207 214 1275 qui
234 1211 355 1261 auditust.
389 1211 480 1274 Itaque
494 1210 565 1260 hunc
576 1212 693 1273 locum‚‘
707 1212 785 1277 louge
808 1223 835 1262 et
854 1212 909 1261 late
924 1227 963 1277 pt·

168 1291 283 1340 tentem,
302 1278 451 1347 philosophi
464 1281 550 1328 solent
563 1280 824 1343 inofficiistroctere,
842 1281 962 1337 no‘neusu

169 1347 202 1396 de
213 1360 285 1397 recto
295 1347 353 1413 ipso
367 1346 517 1413 disputant,
542 1346 613 1412 (uam
627 1345 656 1395 id
675 1346 784 1413 quidem
802 1355 889 1397 unum
907 1341 961 1410 ost)

167 1416 336 1481 grammatici
349 1416 376 1464 iu
391 1413 492 1481 poetis,
510 1411 662 1480 eloquentes
683 1414 711 1464 in
732 1417 804 1466 omui
825 1426 852 1464 et
871 1429 960 1481 genero

93 1505 99 1510 -
167 1496 195 1533 et
205 1496 278 1548 parte
289 1499 432 1534 causarum.
474 1481 563 1546 Quam
584 1483 655 1530 enim
676 1475 907 1544 indecorum-est,
932 1477 960 1531 ds
996 1481 997 1486 ’

166 1551 312 1600 stillicidiis
323 1565 385 1600 eum
398 1548 468 1612 apud
482 1565 566 1597 unum
585 1548 703 1598 iudicem
721 1549 809 1611 dicas,
835 1549 960 1618 amplissi-
997 1587 998 1598 ,

166 1618 218 1666 mis
231 1617 316 1667 verbis
329 1629 355 1666 et
367 1617 432 1665 locis
447 1617 489 1664 uti
500 1609 702 1666 communibus:
720 1615 754 1667 de
769 1618 905 1667 maiestate
919 1630 960 1684 po·

167 1684 224 1751 puli
236 1686 346 1732 Romani
360 1682 497 1732 summisse
511 1694 538 1731 et
551 1681 701 1733 subtiliter!
718 1685 767 1736 Hie
786 1702 882 1751 genere
897 1696 957 1734 toto:
995 1661 998 1714 i

185 1741 216 1766 '⁵
236 1747 323 1800 XXII.
358 1747 395 1799 At
410 1765 519 1814 persona
533 1748 578 1797 elii
590 1762 713 1815 peceant,
727 1763 776 1802 ‘out
789 1769 849 1814 ssu,
868 1764 914 1802 eut
924 1753 958 1801 iu·

168 1815 276 1878 dicum,
295 1829 339 1865 aut
351 1818 430 1868 etiam
442 1815 666 1882 adversariorum:
685 1836 775 1869 neore
790 1820 893 1882 solum,
917 1816 958 1869 sed

168 1902 210 1934 sae
231 1903 244 1933 e
256 1885 346 1934 ve'rho.
381 1885 439 1933 Etsi
453 1885 508 1933 sino
524 1903 552 1934 re
564 1886 638 1935 uuila
651 1887 690 1936 vis
701 1887 776 1937 verbi
792 1897 849 1950 est,
874 1899 959 1938 tomen

168 1902 262 2002 satiem
275 1969 317 2002 res
327 1970 402 2019 saepe
419 1953 620 2019 improbatur,
640 1956 828 2017 ausencius,
850 1956 904 2004 aiio
925 1961 958 2005 ao
988 1959 996 2014 i

120 2033 123 2039 “
167 2037 218 2084 quo
231 2015 282 2069 alio
298 2022 365 2071 elata
378 2019 468 2071 verbo.
500 2021 533 2069 Iu
548 2020 722 2084 omnibusque
733 2020 960 2074 rebusvideudum

167 2098 224 2148 est,
242 2100 379 2156 quatenus.
413 2088 472 2137 Etsi
486 2089 556 2140 enim
570 2106 630 2139 suus
645 2091 740 2154 cuique
751 2089 847 2141 modus
861 2101 906 2153 est,
924 2101 959 2139 ts·

167 2169 229 2202 men
241 2157 324 2222 magis
340 2154 448 2204 offendit
463 2157 589 2219 nimium,
607 2171 687 2220 quam
708 2171 812 2224 parum.
858 2158 890 2207 In
909 2172 958 2224 quo

166 2219 273 2288 Apelles
290 2223 403 2288 pictores
425 2235 527 2287 quoque
544 2242 588 2273 eos
603 2241 708 2291 peccare
716 2224 836 2287 dicebat,
854 2228 959 2289 quinon
993 2221 995 2320 i

86 2294 93 2301 ’
167 2291 309 2350 sentirent5
338 2289 403 2356 quid
426 2301 492 2342 esset
513 2292 584 2341 satis.
624 2291 736 2357 Magnus
754 2303 794 2341 est
813 2293 889 2343 loeus
909 2293 957 2350 hio.
994 2325 995 2328 =

167 2355 263 2419 Brute,
279 2356 350 2420 quod
365 2370 391 2405 te
403 2374 456 2405 non
470 2357 554 2421 fugit,
571 2370 597 2407 et
611 2374 737 2423 magnum
750 2361 875 2410 volumen
887 2357 957 2410 aliud

82 2487 89 2493 ἡ
167 2421 311 2486 desiderat:
329 2423 375 2475 sed
392 2422 482 2485 adid,
499 2425 572 2489 quod
587 2427 688 2491 agitur,
704 2427 857 2477 illudentis.
892 2427 957 2478 Cum

146 2518 151 2525 ,
167 2489 217 2538 hoc
230 2490 336 2554 decere,
356 2490 436 2558 (quod
450 2507 553 2558 semper
563 2509 718 2559 usurpamus
730 2496 757 2543 in
778 2494 904 2546 omnihus
920 2491 955 2545 di·

151 2557 215 2604 ‘ctis
227 2571 256 2606 ¹et
269 2559 496 2620 saetis,-minimis
510 2557 682 2624 etmaximis‚)
691 2579 752 2614 cum
759 2562 823 2625 hoo,
842 2565 957 2629 inquam,

164 2619 255 2673 decere
269 2619 402 2691 dicamus,
419 2624 487 2677 illud
497 2643 552 2677 nou
565 2627 673 2692 desere,
690 2640 717 2681 et
725 2628 754 2681 id
763 2646 953 2699 usquequaque,
