2042 2992
160 139 196 181 se
234 166 237 173 Δ
397 86 404 99 ¹
441 95 670 199 ulturus

162 248 238 304 temz'
250 253 320 304 hunc
342 252 385 302 isti
400 246 483 312 aiunt,
502 267 565 299 cum
579 262 683 300 taurum
699 250 895 315 immolavisset,
912 267 960 302 ex·

162 325 261 389 cepisse
275 322 429 384 sanguinem
444 332 547 383 patera,
566 320 637 367 etco
650 330 723 385 poto,
739 331 878 368 mortuum
894 337 960 369 con·

121 411 135 459 s
164 392 267 441 cidisse.
302 390 376 437 Hanc
394 387 467 435 enirn
482 386 742 435 mortem'rhetorice
764 399 789 438 et
804 389 903 452 tragice
916 405 961 436 or.

163 477 225 508 nare
236 466 391 523 potuerunt}
409 455 456 502 illa
473 469 548 501 mors
564 455 679 517 vulgaris
697 450 799 502 nullam
813 455 961 519 praebebat
1017 456 1018 515 s

162 527 300 583 materiem
319 521 506 573 adornatum·
533 522 631 584 Quare,
649 522 834 586 quoniamtibi
850 525 885 571 ita
895 538 961 584 qua-
1017 556 1018 567 ,

163 595 232 655 drat,
251 593 339 641 omnia
353 590 431 648 fuisse
444 588 472 637 id
488 589 666 649 Themistocle
677 588 748 655 paria
761 601 787 639 et
803 588 961 652 Coriolano,

163 674 282 729 pateram
309 672 412 724 quoque
427 650 449 705 Xa
467 670 512 705 me
527 673 614 707 sumas
626 658 708 706 licett*
725 656 857 723 praebebo
876 660 961 707 etiam

158 730 287 790 bostiam,
306 740 336 775 ut
356 724 511 775 CorIolanus
533 725 655 788 sit'plane
670 726 736 774 alter
755 725 962 785 Themistocles.

163 800 205 850 Sit
220 812 294 853 sane,
312 796 435 859 inquam,
453 804 483 843 ut
497 793 592 851 lubet,
614 792 647 840 de
660 794 724 842 isto:
751 805 778 841 et
792 809 840 857 ego
856 795 962 842 cautius

162 865 270 933 posthac
277 863 415 913 historiam
422 862 569 925 ⁴attingam,
585 873 612 909 te
625 860 763 923 atrdiente3
781 876 962 924 quemrernm

163 937 341 984 Romanarum
361 941 497 979 auctorem
519 927 627 976 laudare
658 945 767 994 possum
794 930 963 992 religiosissi-

162 1017 248 1051 mum.
283 997 410 1047 Sed‘tum
428 997 485 1045 iere
502 994 632 1053 PerIcles‚
651 994 796 1061 Xanthippi
820 997 905 1058 filius,
924 996 962 1046 de

166 1087 217 1135 quo
242 1078 302 1115 ante
324 1064 394 1126 dixi,
425 1064 525 1129 primus
539 1063 673 1121 ,adhibuit
698 1063 861 1126 doctrinam3
892 1082 962 1130 quae

166 1149 326 1204 quamquam
337 1144 397 1181 tum
410 1133 484 1179 nulla
497 1143 554 1179 erat
566 1130 681 1192 dicendi,
699 1143 788 1180 tamen
802 1130 835 1180 ab
854 1129 962 1180 Anaxa.

164 1206 228 1270 goia
241 1202 351 1268 physico
363 1198 490 1261 eruditus,
508 1199 719 1248 exercitationem
730 1201 828 1251 mentis
840 1216 854 1246 a
866 1216 961 1248 recon-

165 1272 227 1322 ditis
242 1269 420 1331 abstrusisque
434 1267 514 1321 rebus
533 1265 669 1316 adcausas
682 1268 797 1317 forenses
807 1267 962 1332 populares·

161 1356 215 1406 qus
223 1338 299 1387 facile
310 1335 472 1387 traduxerat.
504 1335 589 1385 Huius
602 1337 728 1385 suavitate
735 1335 849 1383 maxime
862 1335 962 1384 hilara·

164 1420 206 1457 tae
220 1401 423 1465 suntAthente:
441 1403 518 1452 huius
528 1402 675 1453 ubertatem
686 1415 712 1451 et
728 1404 831 1467 copiam
843 1402 960 1452 admira·

135 1493 136 1496 ¹
162 1488 220 1538 tae,
244 1471 363 1523 ciusdem
383 1473 437 1522 tim
454 1470 561 1520 dicendi
576 1483 754 1535 terroremque
767 1472 924 1520 timuerunt.

234 1541 296 1590 XII.
332 1541 402 1589 Haec
416 1540 497 1602 igitur
513 1542 586 1587 aetas
600 1535 686 1603 prima
700 1538 811 1587 Athenis
827 1548 962 1588 oratorem

165 1626 246 1678 prope
263 1608 409 1673 perlectum
422 1607 494 1655 tulit.
528 1605 584 1654 Nec
596 1608 668 1653 enim
686 1606 717 1653 in
728 1602 961 1655 'constituentibus

164 1675 368 1743 rempublicam,
386 1689 434 1721 neo
448 1673 476 1720 in
488 1671 561 1719 bella
571 1672 731 1735 gerentibus,
748 1674 835 1721 necin
848 1673 961 1736 impedi·

166 1749 201 1795 tis
214 1761 244 1791 ac
260 1758 354 1808 regum
374 1739 554 1788 dominatione
574 1739 716 1800 devinctis,
734 1742 805 1789 nasci
830 1740 961 1807 cupiditas

167 1810 275 1862 dicendi
288 1810 365 1861 solet.
399 1808 474 1857 Pacis
486 1819 526 1855 est
539 1823 635 1870 comes,
654 1808 753 1872 otiique
768 1809 846 1867 socia,
864 1820 890 1856 et
905 1810 961 1857 iam

166 1880 233 1930 bene
245 1879 402 1930 constitutae
416 1876 527 1927 clvitatis
540 1877 612 1939 quasi
625 1877 731 1925 alumna
747 1875 884 1940 praedam,
906 1877 962 1924 elo·

117 1940 133 1953 ⁸
167 1948 282 2014 qrtentia.
313 1946 407 2011 Itaque
420 1940 630 2005 aithistoteles,
649 1960 711 1992 cum
725 1944 835 1992 sublatis
851 1944 878 1992 in
893 1943 962 1993 Sici·

166 2015 340 2080 hasprensis,
358 2030 400 2061 res
417 2012 532 2077 privatae
547 2012 627 2076 longo
645 2013 783 2061 intervallo
793 2009 905 2060 *iudiciis
919 2027 962 2059 re·

165 2092 326 2151 peterentur,
345 2093 402 2132 tum
414 2081 547 2146 primum,
566 2078 637 2144 quod
650 2091 716 2129 esset
728 2091 804 2129 acuta
821 2079 870 2127 illa
886 2095 962 2143 gens,
1016 2118 1017 2135 ,

168 2163 194 2200 et
207 2152 372 2200 controversa
383 2144 485 2210 naturai,
502 2159 587 2197 artem
599 2159 626 2197 et
637 2160 775 2213 praecepta
783 2147 894 2211 Siculos,
909 2145 962 2194 Co·
1016 2140 1017 2147 ¹

167 2234 256 2269 racem
273 2229 299 2266 et
311 2218 412 2269 Tisiam
424 2216 618 2281 conscripsisse.
653 2213 722 2267 Nam
735 2227 810 2263 antea
825 2216 963 2264 neminem

166 2288 277 2336 solium
292 2287 341 2347 ria,
359 2295 484 2344 uetante,
502 2283 550 2334 sed
558 2286 678 2331 aecttrste
692 2295 789 2341 tamen,
808 2293 834 2329 et
850 2281 883 2329 de
897 2284 964 2331 scri.

188 2367 216 2404 to
231 2354 369 2419 plerosque
388 2350 488 2405 dicere:
508 2352 677 2418 scriptasque
694 2351 772 2399 fuisse
783 2362 809 2399 et
822 2361 927 2413 paratas
947 2366 962 2397 a

124 2462 131 2465 .
167 2373 311 2489 linsamo
324 2435 413 2470 rerum
428 2420 574 2478 illustrium
591 2418 795 2483 disputationes,
813 2430 962 2480 quaenunt

168 2504 324 2540 communes
332 2488 499 2556 appellantur
511 2487 574 2535 loci.
609 2485 689 2550 Quod
701 2484 772 2534 idem
785 2485 877 2534 fecisse
893 2484 965 2534 Gor·

101 2568 115 2587 ‘
169 2560 249 2623 giam,
268 2573 330 2608 cum
347 2555 510 2622 singularum
529 2568 618 2602 rernm
635 2552 725 2602 laudes
745 2552 965 2615 vituperationes·

169 2643 221 2694 que
242 2624 451 2692 conscripsisset:
469 2619 695 2688 quod'iudicaret,
714 2621 768 2673 hoc
779 2620 891 2669 oratoris
907 2636 966 2671 esse

426 2714 440 2737 Q
