2042 2992
322 30 326 51 l

126 98 160 183 a}
407 99 467 169 B'R
485 100 510 149 U
529 101 552 149 Τ
570 100 643 149 U-S.
699 142 704 149 .

125 241 220 274 uerum
230 223 416 291 praetulisset:
445 225 488 273 cui
516 235 604 272 tamen
624 221 731 271 Laelius
745 237 772 271 se
789 236 925 283 excusans,

127 310 180 342 uon
191 309 288 358 genero
301 292 399 341 minori
412 290 481 340 dixit
493 309 519 340 se
534 289 617 350 illud,
632 289 681 338 'sed
693 289 788 338 maiori
803 289 926 355 liliaede=

129 358 219 409 tulisse
230 356 251 422 ι)
272 361 294 408 is
306 372 409 420 tamen,
429 360 552 408 instituto
566 358 665 417 Laelii,
682 355 836 406 Panaetium
847 355 926 405 'andi-

109 456 114 461 ·
127 439 209 477 verat.
237 425 307 475 'Eiu's
320 428 406 476 omnis
418 425 571 476 indicendo
584 426 696 475 facultas
709 440 741 474 ex
757 424 867 473 historia
885 426 925 492 ip·

126 495 179 544 sius
192 512 245 543 non
260 495 419 558 ineleganter
431 496 526 563 scripta
540 495 653 561 perspici
667 503 769 561 potest:
793 508 859 556 quae
879 509 926 541 ne·

122 579 178 628 tque
191 562 271 610 ninris
281 574 321 610 est
332 561 430 623 infant,
452 580 536 631 neque
550 559 786 628 perseeteldiserta.
820 559 925 609 Mucius

126 644 216 681 autem
228 645 325 692 augur,
335 629 415 693 ‘quod
446 648 476 680 ro
492 648 518 680 se
533 647 596 697 opus
609 640 678 690 erat,
699 629 753 694 ipse
768 625 882 693 dicebat,
895 639 937 677 ut·

126 696 159 746 de
174 698 291 773 pecuniis
304 647 459 764 repetundis
471 711 563 747 contra
574 698 606 747 Τ.
618 697 771 746 Albucium.
805 694 831 744 Is
839 707 927 744 orato·

122 780 188 812 rum
207 765 235 812 in
256 780 367 823 numero
387 764 527 816 nonfuit:
550 767 615 814 iuris
634 765 720 813 civilis
739 763 925 828 intelligentia,

126 842 204 898 atque
219 833 292 882 omni
305 832 460 900 prudentiae
474 850 568 898 genere
583 832 725 897 praestitit.
763 831 794 879 L.
816 831 925 889 Coelius

95 914 109 936 ’
124 901 263 965 Antipater
281 902 397 967 scriptor
419 900 653 966 (quemadmodum
670 895 775 962 videtis)
801 898 868 959 ruit,
894 910 925 949 ut

126 967 290 1032 temporibus
302 969 370 1029 illis,
392 969 552 1035 luculentus,
570 969 633 1016 iuris
641 967 835 1033 valdeperitus‚
854 967 939 1039 mul-w

125 1046 214 1084 torum
228 1037 321 1097 etiam,
337 1046 368 1084 ut
379 1036 410 1084 L.
427 1035 528 1096 Crassi,
548 1037 682 1101 magister.
743 1055 748 1062 ·
871 1066 872 1069 =

193 1100 305 1152 XXVII.
338 1102 447 1166 Utinam
458 1105 485 1152 in
498 1104 541 1152 Ti.
557 1101 694 1161 Graccho,
714 1099 744 1150 C.
758 1119 810 1166 que
823 1099 926 1153 Carbo·

126 1185 158 1218 ne
173 1168 232 1217 talis
244 1185 316 1218 niens
333 1169 368 1218 ad
381 1170 577 1237 rempublicam
590 1170 656 1219 bene
666 1168 808 1234 gerendam
824 1166 923 1231 luisset,

127 1237 204 1300 quale
218 1237 352 1302 ingenium
369 1237 403 1287 ad
417 1237 483 1287 bene
499 1237 644 1289 dicendum
654 1237 720 1286 suit!
738 1237 858 1301 prolecto
879 1255 924 1285 ne=

127 1320 172 1352 mo
195 1303 235 1352 his
256 1303 318 1354 viris
335 1306 421 1369 gloria
439 1307 621 1372 praestitisset*
663 1303 717 1354 Sed
741 1321 834 1353 eorum
849 1306 922 1365 alter

79 1377 82 1382 ’
124 1382 231 1437 propter
254 1373 513 1424 turbulentissimum
533 1375 709 1433 tribunatum,
735 1371 870 1439 adquam
893 1391 925 1421 ex

100 1468 104 1473 ·
126 1439 223 1489 invidia
236 1440 349 1505 loedoria
360 1441 517 1492 Numantini
531 1441 610 1492 bonis
624 1438 705 1490 iratus
714 1446 870 1501 accesserat,
890 1439 923 1488 ab

76 1558 78 1561 ,
125 1508 179 1572 ipsa
193 1508 329 1574 republica
343 1510 565 1566 est..iuterlectus:
589 1511 655 1559 alter
673 1519 780 1573 propter
801 1520 926 1573 perpetu.

51 1596 68 1617 κ
126 1591 169 1622 am
182 1575 209 1641 in
224 1577 346 1642 populari
359 1579 460 1626 ratione
474 1578 609 1639 levitatem
633 1588 718 1623 morte
739 1576 885 1624 voluntaria
895 1594 922 1625 sc
946 1600 950 1604 “

126 1659 140 1688 a
153 1643 290 1697 severitate
303 1638 421 1693 iudicum
434 1643 585 1693 vindicavit.
619 1641 673 1691 Sed
682 1643 845 1707 luituterque
853 1658 925 1691 sums

125 1722 300 1769 inmoratur,
318 1723 396 1773 atque
409 1711 459 1759 hoc
473 1712 600 1759 memoria
613 1723 719 1775 patrum
726 1721 791 1758 teste
801 1709 923 1759 dicimus.

126 1776 196 1827 Nam
209 1786 236 1823 et
246 1774 390 1836 Carbonis,
407 1790 433 1826 et
443 1773 691 1827 Gracchihabemus
700 1778 838 1838 orationes,
857 1795 923 1828 non·

128 1843 265 1895 dumentis
278 1844 546 1908 splendidasverbis,
566 1845 612 1895 sed
630 1857 731 1904 acutas,
756 1845 923 1911 prrrdeutiac=

74 1924 78 1933 ‘
127 1929 177 1977 que
197 1910 369 1975 plenissimas.
383 1916 388 1918 ’
403 1912 465 1962 Fuit
478 1911 613 1963 Gracchus
635 1913 770 1979 diligentia
785 1911 924 1962 Corneliae

126 1981 219 2029 matris
236 1996 248 2025 a
270 1997 351 2046 puero
364 1978 478 2045 doctus,
505 1992 530 2030 et
551 1981 657 2031 Graecis
676 1982 770 2030 litteris
793 1980 923 2031 eruditus.

73 2076 76 2080 v
125 2045 195 2097 Nam
212 2063 316 2114 semper
335 2047 428 2098 habuit
449 2051 624 2112 exquisitose
645 2049 755 2099 Graecia
773 2050 924 2115 magistros,

124 2116 152 2173 in
166 2116 201 2163 eis
217 2116 270 2163 iam
285 2114 437 2166 adolescens
447 2118 615 2184 Diophanem
626 2118 822 2186 Mitylenaeum,
841 2116 924 2167 Grae·

125 2182 194 2243 ciac,
213 2184 376 2248 temporibus
393 2185 460 2246 illis,
479 2184 691 2235 disertissimum.
726 2184 819 2234 Sedet
843 2183 924 2234 breve

125 2262 229 2316 tempus
255 2250 352 2314 ingenii
374 2251 486 2323 augepdi
504 2266 530 2303 ct
553 2250 704 2304 declarandi
724 2254 783 2302 luit.
824 2251 923 2314 Carbo,
1011 2312 1012 2321 ἵ

124 2317 261 2383 quodvita
275 2318 465 2385 suppeditavit,
494 2331 531 2368 est
547 2323 574 2370 iu
595 2322 687 2371 multis
705 2319 809 2370 iudiciis
828 2321 925 2379 causis=
970 2326 972 2331 ’

54 2386 68 2392 ”
125 2401 176 2450 que
190 2384 317 2448 cognitus.
352 2387 776 2456 Huucquiaudierantprudentes
792 2388 921 2448 homines,
994 2424 997 2427 .

124 2452 257 2516 inquibus
270 2453 405 2504 familiaris
418 2467 507 2505 noster
524 2457 554 2506 L.
568 2454 684 2516 Gellius,
703 2456 748 2521 qui
762 2472 788 2502 se
802 2457 842 2503 illi
860 2472 922 2509 con·

123 2519 477 2574 tuberualem-inconsulatn
485 2525 563 2574 fnisse
571 2524 709 2584 narrabat,
727 2539 854 2570 canorum
863 2540 921 2570 ora-

124 2597 224 2650 torem,
243 2600 269 2640 ει
281 2589 447 2659 volubilem,
468 2605 494 2642 ct
508 2593 570 2643 satis
584 2607 685 2654 acrem,
708 2603 784 2655 atque
805 2589 918 2649 eundern
