2042 2992
368 84 603 178 taurus
852 118 886 195 ἡ

154 249 256 301 XXVI.
290 248 321 300 P.
336 249 460 301 Crassum
473 251 549 313 valde
556 246 888 318 probatum‘oratoremiis.

18 324 20 377 ζ
82 317 152 367 alem
168 318 226 368 lere
238 318 403 386 temporibus
417 321 577 385 accepimus,
596 320 641 384 q'ui
660 332 685 368 et
698 321 804 384 ingenio
815 324 886 371 valu-

81 389 120 448 it,
141 398 169 435 et
189 385 296 447 studio,
320 399 346 434 et
364 386 458 437 habuit
479 387 608 451 quasdam
617 388 706 435 'etiam
729 387 893 454 domesticas
965 384 966 387 ¹

80 454 251 520 disciplinas.
285 453 393 505 Namet
414 472 475 504 cum
494 471 598 503 summo
617 455 664 501 illo
686 467 802 518 oratore,
828 456 887 505 ser.

23 536 28 545 ’
81 521 193 583 Galba,
213 524 288 571 cuius
304 518 335 571 C.
349 522 403 583 filio
417 524 497 572 filiam
511 539 585 571 suam
602 521 785 584 collocaverat,
804 524 886 573 alfini·

80 602 141 641 tate
153 605 209 638 sese
220 589 385 640 devinxerat:
404 602 439 653 et,
451 606 511 639 cum
519 602 586 639 essct
598 586 627 636 P.
640 589 722 637 Mucii
734 591 813 653 filius,
835 591 887 640 fra·

82 669 210 721 tremque
224 657 333 707 hah'erot
349 657 379 706 P.
390 658 564 717 Scaevolam,
588 655 662 705 domi
685 658 725 706 ius
744 658 821 708 civile
842 675 886 706 co·

85 736 225 789 gnorerat.
259 725 291 774 In
303 742 334 773 eo
355 725 515 791 iudustriam
535 735 636 774 constat
649 718 781 773 suminam
797 725 893 788 luisse,>

83 794 285 855 maximamque
299 794 421 856 gratiam,
440 808 501 841 cum
515 793 885 859 etconsulereturplurimum‚

85 871 113 909 ct
129 859 242 911 diecret.
276 859 377 917 Horum
397 859 527 909 aetatibus
540 859 657 907 adiuncti
670 859 723 907 duo
736 859 766 909 C.
783 861 884 917 Fannii,

86 926 119 977 C.
134 939 161 975 et
172 926 210 985 M.
224 927 291 986 filii,
311 927 431 976 luerunt:
450 940 565 990 quorum
579 925 637 991 Caii
650 927 733 986 filius,
759 929 805 991 qui
824 946 885 976 cou=

84 995 205 1043 sulcum
219 994 340 1043 Domitio
355 995 421 1054 suit,
445 1010 527 1044 unam
547 995 694 1043 orationem
711 993 744 1042 de
762 997 838 1044 sociis
859 1008 885 1044 et

86 1063 196 1110 nomine
210 1061 320 1122 Latino,
339 1060 715 1125 eontraGracchumreliquit3
733 1063 883 1113 saueetbo=

87 1146 169 1190 nam,
186 1140 214 1178 ct
225 1128 353 1178 nobilem.
387 1128 457 1178 Tum
470 1128 588 1190 Atticus,
613 1128 686 1194 Quid
706 1128 789 1194 ergo?
812 1145 885 1179 estne

84 1196 138 1245 {sta
150 1193 267 1245 Fannii?
285 1214 347 1244 nam
360 1190 430 1246 uaria
442 1198 531 1263 opinio
541 1198 630 1263 pueris
641 1197 717 1246 uobis
731 1209 809 1246 erat·
829 1199 885 1247 Alii
922 1238 932 1253 ,

86 1282 103 1313 a
116 1262 150 1312 C·
164 1262 270 1326 Persio,
290 1264 407 1319 litterato
423 1265 543 1324 homine,
559 1267 688 1330 scriptam
702 1281 756 1314 esse
770 1265 884 1319 aiebant,
952 1298 957 1305 ‚

18 1332 20 1361 5
85 1331 154 1389 illo,
171 1326 252 1396 quem
264 1331 392 1394 siguificat
405 1330 480 1382 valde
496 1331 606 1380 (luctum
617 1349 672 1379 esse
682 1332 815 1381 Lucilius:
840 1332 885 1380 alii

89 1399 192 1446 multos
207 1398 324 1459 nobiles,
345 1398 416 1463 quod
429 1400 539 1462 quisquc
555 1392 696 1462 potuisset,
714 1399 822 1458 inillam
829 1399 885 1446 oran

18 1470 20 1497 l
87 1468 190 1514 tionem
202 1467 352 1514 contulisse.
389 1466 458 1513 Tum
477 1481 548 1529 egon
565 1461 663 1525 Audivi
682 1463 807 1527 equidem
825 1467 883 1527 ista,
951 1488 955 1515 a

88 1535 213 1597 iuquam,
232 1531 265 1581 de
282 1531 428 1582 maioribus
439 1543 518 1591 natu,
535 1530 582 1579 sed
596 1545 743 1595 numquam
761 1548 819 1580 snm
840 1530 884 1580 ad·

90 1600 204 1660 ductus,
226 1611 257 1649 ut
279 1599 428 1661 'crederem3
452 1601 562 1661 eamque
581 1599 757 1664 suspicionem
777 1612 884 1667 propter

89 1668 155 1718 hanc
168 1684 275 1719 causam
291 1667 369 1716 credo
383 1668 475 1731 fuisse,
494 1665 566 1733 quod
578 1665 693 1715 Fannius
705 1667 733 1715 in
742 1667 885 1717 mediocri·

90 1735 140 1785 bus
152 1733 301 1784 oratoribus
314 1734 418 1785 habitus
430 1747 510 1784 esset:
529 1730 614 1784 oratio
627 1747 715 1784 autem
730 1737 771 1784 vel
785 1739 884 1802 optima

89 1814 156 1853 estet
168 1803 217 1852 illo
228 1802 337 1867 quidem
353 1814 469 1870 tempore
489 1802 639 1850 orationum
663 1803 792 1851 onmium.
831 1803 885 1855 Sed

89 1888 137 1921 neo
156 1869 288 1920 eiusmodi
308 1882 359 1930 est,
371 1887 380 1899 ⁸
393 1883 422 1920 ut
442 1887 456 1917 a
475 1869 597 1937 pluribus
623 1870 731 1917 confusa
750 1869 883 1920 videatur:

91 1938 167 2015 (uuus
179 1939 252 1987 euim
264 1954 342 1987 sonus
355 1949 393 1986 est
408 1939 490 1986 totius
501 1936 645 1997 orationis,
655 1984 661 1991 ,
671 1946 697 1985 et
708 1934 780 1986 idem
794 1941 883 1988 stilus:

90 2010 141 2054 nec‘
152 2003 185 2054 de
198 2003 288 2055 Persio
300 2005 448 2067 reticuisset
468 2003 618 2064 Gracchus,
643 2019 704 2051 cum
723 2017 750 2053 ct
770 2005 885 2057 Fannius

91 2073 123 2123 dc
134 2072 256 2122 Menelao
271 2071 438 2132 Maratheno,
459 2083 484 2120 ct
498 2069 531 2119 de
545 2071 638 2120 ceteris
645 2069 789 2122 obiecisset:
812 2092 886 2140 prae·

92 2140 183 2190 sertim
200 2157 264 2190 cum
278 2140 393 2188 Fannius
411 2153 560 2203 numquam
581 2138 615 2187 sit
636 2137 741 2189 habitus
762 2142 883 2206 elinguis.

92 2209 158 2258 Nam
171 2220 199 2258 st
215 2224 304 2256 causas
316 2205 496 2267 defensitarit,
515 2218 542 2254 et
557 2205 704 2255 tribunatus
723 2210 801 2269 aius,v
816 2210 884 2257 arbi·

91 2278 142 2325 trio
158 2288 185 2324 et
199 2277 354 2324 auctoritate
376 2272 407 2322 P.
425 2271 544 2323 Africani
563 2285 664 2337 gestus,
686 2292 740 2323 uon
758 2275 886 2323 obscurus

18 2392 19 2395 ,
93 2345 150 2393 luit.
185 2341 261 2392 Alter
276 2354 365 2391 autem
384 2340 415 2390 C.
436 2340 562 2401 Fannius,
588 2340 626 2388 M.
643 2341 725 2400 filius,
749 2340 781 2388 C.
802 2341 886 2401 Laelii

18 2404 20 2461 J
93 2427 186 2476 gener,
204 2423 230 2459 et
245 2410 377 2469 moribus,
396 2420 421 2457 et
434 2410 490 2475 ipso
503 2422 596 2472 genere
612 2406 717 2456 dicendi
728 2407 828 2455 durior'.
861 2409 885 2456 ls
950 2448 953 2455 .

92 2479 173 2529 soceri
185 2478 322 2539 instituto,
348 2476 450 2543 (quem,
476 2476 537 2540 quia
558 2485 694 2537 cooptatus
713 2474 740 2522 in
757 2488 886 2536 augurum

94 2547 236 2610 collegium
247 2560 302 2593 nou
318 2556 385 2605 erat,
403 2560 457 2591 non
479 2539 625 2590 admodum
647 2536 789 2599 diligebat,
813 2555 886 2601 prae·

94 2614 184 2664 sertim
197 2629 261 2664 cum
271 2612 322 2675 ille
339 2611 372 2681 Q.
389 2608 543 2663 Scaevolam
552 2604 607 2677 sibi
619 2603 750 2653 minorem
764 2612 827 2651 natu
844 2620 888 2667 ge·

18 2774 182 2923 M
