2042 2992
136 159 182 197 ιιι
354 160 356 165 ’
412 117 655 194 ΟΙίΑἸὈΙι.ι

134 255 240 335 petilius
252 268 349 326 relata,
368 275 394 315 et
408 265 530 314 similiter
541 264 680 324 conclusa,
697 262 844 329 eodemque
852 275 935 330 pacto

135 335 270 386 cadentia:
289 346 315 384 et
327 334 628 386 immutationelitterac
640 333 714 394 quasi
733 333 865 398 quaesitae
888 349 935 382 ve.

16 453 21 464 λ
81 411 84 414 ’
133 416 265 463 nustates;
284 418 316 449 ne
329 399 460 449 elaborata
473 401 655 466 'concinuitam
681 412 707 450 et
727 398 866 462 quoddam
888 416 935 449 au·
1007 435 1009 442 ,

135 473 242 536 cupium
256 468 436 519 delectationis
444 468 583 517 manifesto
596 466 934 532 deprehensumappareat.
956 472 968 478 “

134 538 255 601 Itemque
276 537 299 585 si
324 551 388 597 quae
408 533 550 602 verborum
567 535 714 584 iterationes
733 535 934 600 uontent‘ionem

134 606 269 668 aliquam,
288 613 315 652 et
325 604 470 651 clamorem
485 603 630 665 requirent,
659 614 735 651 erunt
747 601 781 649 ab
793 601 842 650 lrae
860 616 934 650 sum·

105 712 114 727 „
134 672 259 721 missione
266 670 394 719 orationis
411 670 524 719 alienae:
548 669 644 722 ceteiis
667 669 951 736 promistue‘poterit,

135 739 187 800 uti3
208 738 432 787 continuationem
443 736 581 786 verborum
601 735 682 796 quo
701 738 817 797 relaxet,
839 746 869 784 et
893 734 933 784 di·

135 805 225 867 sidat,
244 818 384 870 utaturque
398 805 484 856 verbis
504 819 584 869 quam
603 804 796 865 usitatissimis,
821 803 934 852 transla-
1007 861 1009 876 μ

66 903 69 911 -
137 873 252 923 tionibus
272 887 352 939 quam
370 873 550 922 mollissimis}
575 873 655 921 etiam
675 872 721 921 illa
743 872 951 921 sententiarum*
1007 915 1009 922 .

93 952 96 960 “
134 941 235 990 lumina
251 951 380 1002 assumat,
402 938 468 1003 quae
480 957 533 988 non
547 947 622 987 erunt
632 939 800 989 veliementer
806 939 934 988 illustria.

136 1008 198 1058 Non
213 1009 291 1057 saciet
305 1007 500 1076 rempublicam
522 1008 691 1069 loquentem,
713 1023 762 1055 nec
783 1006 818 1055 ab
840 1006 933 1055 inseris

136 1088 255 1123 mortuos
269 1074 408 1134 excitabit,
426 1091 475 1122 neo
490 1074 633 1125 acervatim
647 1074 732 1123 multa
754 1074 932 1138 frequentant,

136 1158 189 1190 uua
206 1141 388 1206 complexione
399 1140 539 1192 devinciet.
577 1141 762 1191 Valentiorum
784 1142 849 1198 liaeo
867 1142 934 1192 late·

136 1224 197 1259 rum
212 1219 287 1269 sunt,
305 1225 353 1256 nec
366 1208 399 1256 ab
417 1208 482 1269 hoc,
505 1223 588 1271 quem
606 1205 795 1272 informamus,
820 1220 868 1260 aut
890 1225 934 1257 ex·

136 1274 295 1342 spectanda,
313 1285 358 1323 aut
370 1269 538 1341 'postulanda-
578 1274 638 1323 Erit
657 1277 728 1328 enim
745 1287 777 1325 ut
795 1292 874 1336 voce,
893 1276 933 1324 sic

136 1346 216 1392 etiam
230 1344 348 1392 oratioue
360 1344 531 1414 suppression.
565 1341 620 1393 Sed
632 1342 755 1408 pleraque
769 1342 933 1392 exilliscou·

83 1419 87 1424 “
136 1412 242 1461 venient
257 1411 337 1459 etiam
356 1408 418 1460 huic
437 1411 571 1461 tenuitati:
594 1423 754 1473 quemquam
773 1409 869 1460 lisdem
892 1426 935 1458 or·

136 1480 266 1528 numentit
285 1488 375 1528 utetur
394 1478 543 1529 horridius:
580 1478 662 1527 talem
682 1479 753 1528 enim
771 1476 934 1528 inducimus.

129 1545 252 1602 Accedet
269 1547 337 1594 actio
358 1562 411 1596 non
425 1547 541 1611 tragica,
563 1563 612 1594 nec
628 1562 732 1606 scenae,
759 1544 805 1595 sed
825 1542 935 1605 modica

136 1611 277 1662 iactatione
299 1614 432 1676 corporis,
464 1614 542 1661 vultu
564 1624 655 1660 tamen
671 1613 756 1662 multa
776 1612 933 1661 conficiens:
955 1653 960 1658 ἢ

133 1698 190 1746 non
204 1681 266 1739 hoc,
286 1693 338 1739 quo
355 1676 479 1728 dicuutur
491 1695 520 1726 os
536 1676 644 1737 ducere,
670 1680 716 1730 sed
737 1680 801 1742 illo,
824 1697 878 1745 quo
900 1680 935 1730 si·

136 1748 260 1812 gnificant
270 1746 395 1806 ingenue,
414 1760 467 1807 quo
483 1762 559 1794 sensu
571 1746 689 1812 quidque
720 1748 884 1797 ronuutient.
1007 1747 1008 1750 ’

203 1811 301 1861 XXVl.
335 1808 403 1860 Huic
421 1813 509 1877 generi
532 1814 656 1863 orationis
683 1767 874 1882 adspergentur
898 1823 936 1863 et·

101 1917 106 1926 ,
137 1882 191 1930 iam
207 1881 287 1940 sales,
307 1878 392 1944 quiin
413 1879 527 1930 dicendo
550 1881 812 1948 nimiumquantum
829 1882 934 1933 valent:

53 1954 58 1959 '
124 1964 252 2010 <quorum
264 1947 317 1998 duo
330 1963 425 2011 genera
439 1960 514 2009 sunt,
532 1963 617 1998 unum
629 1948 798 2012 facetiarum,
820 1950 935 2000 alterum

84 2027 86 2038 ‘
139 2016 295 2065 dicacitatis.
329 2015 427 2065 Utetur
443 2028 568 2081 utroque:
586 2015 635 2066 sed
652 2018 735 2067 altero
756 2021 785 2067 in
801 2016 935 2068 narrando
1006 2069 1007 2080 γ

123 2083 240 2146 ‘aliquid
250 2094 374 2144 venuste,
393 2085 477 2134 altero
490 2086 518 2133 in
535 2083 671 2146 iaciendo,
695 2084 881 2147 mittendoque
899 2086 937 2132 ri·

139 2150 244 2200 diculo:
259 2151 332 2198 cuius
346 2167 439 2215 genera
452 2155 530 2219 plura
544 2164 618 2202 sunt:
636 2150 682 2202 sed
699 2170 770 2202 nune
786 2151 861 2201 aliud
881 2152 937 2216 agi·

138 2236 207 2268 raus.
241 2216 316 2266 Illud
329 2217 501 2270 admonemus
511 2232 615 2282 tamen,
633 2219 746 2269 ridiculo
764 2222 802 2270 sic
824 2235 939 2269 usurum

139 2300 288 2347 oratorem,
306 2297 336 2335 ut
346 2303 394 2335 nec
406 2269 488 2336 irimis
501 2287 649 2349 frequenti,
666 2304 699 2336 ne
706 2288 870 2338 scurrilesitt
888 2302 939 2335 nec

138 2353 333 2416 subobscaem,
350 2371 383 2403 ne
398 2355 555 2403 mimicum:
573 2371 620 2403 neo
633 2356 778 2419 petulanti,
795 2356 937 2420 utsimpro·

139 2421 219 2470 butu:
236 2438 285 2470 nec
298 2420 327 2468 iu
339 2421 533 2480 calamitatem,
543 2435 583 2481 ,ne
596 2422 783 2471 inhumanum:
800 2439 853 2472 nec
862 2423 893 2472 iu
901 2422 953 2469 sa·-

140 2491 229 2547 cinus‚
246 2505 278 2536 ue
294 2486 352 2567 οιψ
370 2488 461 2534 locum
477 2488 547 2535 risus
568 2497 692 2554 occupet:
722 2499 806 2551 neque
826 2500 871 2536 aut
892 2505 939 2536 sua

140 2571 263 2619 persona,
278 2565 323 2602 aut
332 2551 466 2615 iudicum,
493 2566 536 2603 aut
553 2566 670 2619 tempore
693 2556 817 2607 alienum.
866 2554 939 2604 Haec

59 2641 63 2648 .
142 2621 214 2669 enim
226 2617 348 2676 auulsa
364 2618 520 2672 indecorum
530 2621 702 2676 retexuntur,
732 2621 844 2678 viabis
857 2622 939 2672 etiam
