2042 2992
166 74 277 144 m2‘
393 78 773 165 ⁸eneruaf

171 205 241 266 vita,
259 205 296 253 eic
309 203 425 252 oratioue
438 201 517 251 etiam
529 202 706 253 turbulentus.
740 203 778 269 M.
794 203 909 269 Drusus,
932 202 964 254 C.

170 273 201 322 F.
215 273 301 336 quiin
320 269 456 319 tribunatu
472 268 502 318 C.
518 269 685 332 Gracchum,
702 268 846 336 collegam,
872 272 964 320 iterum

171 339 324 400 tribunum,
343 338 419 399 fecit,
438 337 511 386 viret
523 340 639 387 oratione
650 339 749 403 gravis,
767 340 963 399 etauctoritate3

172 411 247 471 elque
259 407 378 473 proxime
391 404 531 455 adiunctus
545 404 575 454 C.
589 406 692 456 Drusus
707 407 788 455 frater
808 407 865 455 fuit.
911 408 963 454 Tu·

170 494 201 525 us
214 476 294 525 etiam
309 473 429 537 gentilis,
448 472 543 537 Brute,
559 474 597 522 M.
615 473 719 523 Pennus
730 475 806 523 facile
818 475 924 539 agitavit
937 475 964 522 in
1009 514 1010 527 ,

85 590 88 591 ⁷
170 543 308 593 tribunatu
322 540 353 590 C.
369 540 533 607 Gracchum,
557 542 677 607 paullum
697 554 781 591 aetate
800 541 963 592 antecedens.

102 610 106 613 ’
170 611 234 660 Fuit
247 611 317 658 enim
329 608 367 656 M.
380 607 480 674 Lepido
493 621 519 657 et
533 608 565 658 L.
576 609 670 659 Oreste
681 609 836 659 consulibus
843 622 963 674 quaestor

170 678 321 739 Gracchus,
340 676 462 725 tribunus
477 675 595 739 Pennus,
617 678 690 726 illiue
707 664 745 725 M.
754 677 830 739 filius,
849 678 963 742 quicum

171 747 205 811 Q.
217 745 295 794 Aelio
309 732 401 810 consui
422 745 487 808 snite
511 743 560 793 sed
578 746 666 793 omnia
684 746 707 793 is
726 762 830 793 summa
849 761 963 809 sperans,

171 813 306 863 aedilicius
318 824 358 861 eet
370 816 500 861 mortuus.
535 812 605 859 Nam
616 810 649 860 d'e
662 813 693 860 Τ.
706 803 867 872 Flauiiniuo,
885 827 963 877 quem

170 883 224 948 ipse
237 879 307 942 vidi,
329 879 397 928 nihil
410 879 512 943 accepi,
529 879 581 927 nisi
595 880 676 929 iatine
689 879 830 944 diligenter
836 880 963 930 locutum.

181 974 184 981 =
239 945 341 997 XXIX·
372 947 407 995 lis
420 945 539 994 adiuncti
553 959 614 995 sunt
628 945 659 996 C.
674 946 769 1008 Curio,
787 946 826 996 Μ.
840 948 964 1005 Scaurus,

170 1015 200 1066 P.
212 1016 341 1074 Rutilius,
359 1013 390 1062 C.
404 1010 550 1063 Gracchus.
583 1014 624 1063 De
639 1013 737 1063 Scauro
751 1027 778 1063 et
789 1016 888 1063 Rutilio
906 1013 982 1063 brea,

169 1085 237 1132 viter
248 1085 310 1130 licet
323 1080 425 1142 dicere,
443 1095 558 1141 quorum
572 1094 663 1130 neuter
680 1083 777 1130 summi
792 1082 903 1133 oratoris
919 1079 965 1130 ha·

168 1148 229 1200 huit
238 1148 358 1197 laudem:
377 1159 403 1196 et
414 1160 526 1213 uterquc
539 1150 567 1198 in
581 1151 671 1198 multis
685 1151 768 1198 causis
774 1163 891 1199 versatus
898 1160 964 1198 erat.

169 1218 202 1268 In
217 1215 374 1283 quibusdam
384 1215 523 1264 laudandis
544 1218 624 1279 viris,
646 1218 748 1265 etiamsi
763 1219 871 1265 maximi
893 1218 965 1280 inge·

169 1287 207 1336 nii
219 1302 273 1334 non
283 1294 376 1344 esseut,
392 1282 541 1350 probabilis
547 1297 635 1333 tamen
641 1283 784 1333 industria:
802 1299 967 1346 quamquam

169 1355 201 1403 iis
215 1351 323 1418 quidem
333 1369 387 1415 uon
404 1353 511 1400 omnino
527 1352 676 1416 ingenium,
701 1350 747 1400 sed
766 1354 912 1413 oratorium
922 1353 964 1400 in·

168 1422 276 1486 genium
290 1417 384 1470 deiuit.
417 1419 508 1483 Neque
523 1422 594 1469 eninr
609 1420 690 1469 refert
708 1418 813 1480 videre,
836 1417 904 1486 quid
923 1419 965 1469 di·

164 1488 342 1549 4εἐηᾶιιηηὶῑ,
370 1489 420 1537 nisi
435 1486 464 1535 id
486 1484 566 1550 qu'eaa
583 1489 668 1536 solute
686 1499 713 1535 et
730 1488 843 1545 suaviter
867 1486 966 1536 dicere.

159 1556 208 1607 'Ne
221 1555 249 1603 id
262 1554 372 1619 quidem
381 1555 447 1602 ratis
459 1549 518 1614 est‚'
533 1555 584 1602 uisi
590 1553 626 1615 id,
644 1542 716 1617 quod
725 1553 830 1616 dicitur,
848 1555 883 1603 sit
890 1570 965 1616 voce,
978 1614 984 1621 ι

121 1640 133 1653 ‘
166 1624 257 1682 uultu,
281 1614 409 1684 motuque
423 1616 565 1668 conditius.
605 1619 677 1682 Quid
697 1621 799 1681 dicam,
824 1638 890 1686 opus
907 1639 966 1671 esee

167 1683 310 1739 doctrina?
328 1688 384 1735 sine
398 1704 449 1750 qua
462 1686 563 1735 etiamsi
583 1686 648 1752 quid
663 1689 729 1738 bene
749 1688 864 1750 dicitur,
889 1688 967 1737 adiu·

167 1768 244 1807 rante
257 1765 349 1805 natura
356 1789 366 1817 ,
381 1766 470 1802 tamen
481 1752 524 1814 id,
543 1756 604 1819 quia
619 1755 727 1805 fortuito
739 1758 768 1805 fit
776 1772 792 1817 ,⁹
801 1773 906 1830 semper
919 1774 967 1822 pr·

167 1836 255 1873 ratum
271 1839 325 1870 esee
337 1837 391 1870 non
402 1831 499 1887 potest.
533 1821 565 1870 ln
586 1821 678 1872 Scauri
695 1825 823 1886 oratione,
838 1823 967 1891 sapientie

88 1910 90 1915 ¹
147 1886 149 1895 '
168 1891 283 1940 hominis
294 1901 320 1938 et
332 1889 413 1949 recti,
429 1889 540 1952 gravitas
554 1905 670 1952 summa,
697 1904 724 1940 et
737 1893 865 1941 naturalis
883 1908 968 1956 quae·

143 1969 148 1976 ⁴
168 1958 232 2009 dam
249 1960 332 2009 inerat
344 1958 498 2015 auctoritas,
520 1974 574 2005 non
589 1970 619 2006 ut
632 1975 752 2019 causam,
763 1959 821 2008 'sed
838 1973 868 2009 ut
891 1960 969 2008 testi·

133 2062 141 2079 t
167 2027 288 2076 monium
301 2024 519 2090 dicere-putarer,
538 2041 601 2073 cum
622 2042 733 2090 pro-reo
755 2026 862 2076 diceret.
905 2027 968 2076 Hoc

167 2092 273 2143 dicendi
285 2109 366 2156 genus
380 2091 414 2140 ad
426 2092 572 2156 patrocinia
590 2091 760 2142 mediocriter
779 2106 870 2160 aptum
888 2093 970 2144 vide·
1009 2114 1010 2145 t

166 2157 260 2211 batur:
278 2158 312 2208 ad
325 2161 482 2209 senatoriam
497 2172 559 2208 vero
572 2161 741 2224 sententiam,
760 2164 907 2211 cu-iuserat
919 2163 969 2211 ine
1009 2178 1010 2193 ¹

166 2229 304 2294 princeps,
319 2227 361 2275 rel
380 2228 506 2276 maxime.
546 2227 804 2293 significabatenim
822 2247 876 2278 non
901 2243 971 2295 pru·

143 2345 152 2353 ,
167 2295 282 2345 dentiam
298 2295 384 2345 solum
391 2331 401 2357 „
418 2292 481 2356 sed,
502 2294 573 2361 quod
591 2297 703 2347 maxime
720 2312 777 2344 rem
799 2297 971 2359 continebat,

167 2363 257 2414 fidem.
291 2358 412 2411 Habebat
426 2361 475 2411 hoc
490 2375 609 2413 enatura
628 2365 696 2429 ipsa,
719 2363 791 2428 quod
808 2384 822 2413 a
839 2364 971 2414 doctrina

166 2448 220 2480 non
237 2429 312 2480 facile
326 2440 427 2494 «posset.
469 2429 639 2494 Quamquam
660 2431 736 2480 huius
759 2440 861 2496 quoque
880 2433 976 2498 ipsiur'

157 2498 219 2559 rei,
238 2495 462 2561 quemadmodum
474 2498 539 2560 scis,
563 2512 700 2563 praecepta
721 2511 793 2548 sunt.
829 2499 921 2548 Huius
944 2510 973 2548 et

167 2565 384 2630 orationessunt²
400 2575 493 2617 ettree
508 2565 543 2616 ad
560 2565 594 2619 L.
608 2564 744 2620 Fufidium
762 2565 843 2631 thri,
866 2567 973 2635 scripti
